3050 4884
531 383 700 465 364·
848 387 1192 454 vAMAE
1234 385 1824 452 LEc'moNES
1870 384 1998 452 ET
2043 344 2350 452 No'TAE

525 518 763 554 summam
790 505 865 554 bis
891 487 1071 571 septem
1096 503 1374 568 orditat'bus,
1399 500 1507 553 hoc
1533 511 1638 564 est,
1668 496 1902 571 equestri
1924 498 2048 552 looo
2075 509 2131 552 et
2156 496 2386 552 ordine:
2405 513 2532 548 nam
2555 495 2672 566 lege

523 582 625 645 illa
645 585 865 658 proprie
891 583 1112 659 quidem
1152 603 1262 638 non
1297 597 1537 646 summa,
1563 581 1686 648 sed,
1724 584 1820 655 qui
1844 601 1963 636 eam
1984 579 2313 653 possideret,
2339 580 2450 634 hoc
2482 576 2677 631 ordine

526 678 583 720 et
603 668 811 722 honore
826 667 1025 742 diguus
1044 668 1363 724 censebatur
1380 688 1395 735 ;
1414 679 1471 720 at
1483 666 1717 739 dignitas
1733 667 1852 720 haec
1867 667 2039 739 magis
2053 685 2119 719 ex
2137 666 2368 740 pecunia
2387 662 2676 738 pendebat,

528 768 692 820 quam
717 769 783 806 ex
807 753 1027 806 homine
1052 757 1271 824 eiusque
1296 751 1542 806 moribus
1563 751 1960 823 virtutibusque
1984 769 1999 803 ε
2019 769 2130 824 quo
2155 751 2321 806 etiam
2341 758 2550 822 spectat
2565 765 2676 800 sar·

530 851 735 888 casmus
760 836 881 902 111,
909 837 1208 906 154—159.
1396 849 1403 854 “
2631 830 2638 837 ’

600 993 733 1041 Vsa.
772 993 891 1054 324.
924 993 1188 1060 Dae'gnetur,
1217 991 1307 1053 45.

597 1089 730 1137 Van.
768 1091 889 1140 325.
928 1091 1161 1154 Labellis,
1192 1108 1281 1141 22.

524 1260 532 1266 .
599 1183 735 1233 Vsa.
776 1184 897 1234 326.
938 1185 1312 1252 Quadraginta,
1338 1186 1418 1247 16,
1446 1202 1514 1235 so
1537 1201 1566 1234 a
1587 1202 1656 1234 m.
1675 1201 1754 1250 pr.
1777 1199 1874 1244 2²3
1899 1183 2002 1233 vid.
2029 1183 2094 1232 sd
2117 1184 2174 1244 1,
2193 1185 2308 1234 τοῦ.

600 1275 655 1328 N
656 1295 743 1331 or.
782 1276 1081 1347 325-329,
1119 1278 1179 1331 Si
1227 1280 1331 1330 hoec
1370 1298 1565 1348 quoque
1601 1296 1793 1330 summa
1823 1275 1926 1330 tibi
1956 1293 2067 1329 non
2105 1272 2336 1337 sufficit,
2381 1291 2518 1324 sume
2558 1275 2678 1324 duos

532 1361 761 1427 Equites,
785 1360 895 1416 hoc
922 1374 1029 1427 est,
1068 1380 1204 1434 para
1225 1362 1324 1415 tihi
1352 1379 1572 1416 censum
1603 1359 1839 1416 duorum
1869 1359 2159 1432 Equitum,
2193 1370 2248 1411 et
2281 1358 2326 1412 si
2353 1355 2412 1410 id
2437 1355 2684 1411 nondum

534 1444 660 1496 satis
680 1444 779 1498 tibi
806 1444 1039 1512 videtur,
1058 1446 1255 1500 trium:
1284 1445 1379 1500 sed
1402 1447 1510 1500 hoc
1528 1445 1632 1499 tihi
1647 1443 1976 1518 persuadeas
1997 1443 2161 1498 velim
2175 1481 2192 1510 ,
2212 1439 2536 1514 cupiditates
2555 1458 2682 1494 ava·

533 1547 721 1581 rorum
760 1548 1058 1601 numquam
1103 1531 1288 1583 satiari
1322 1549 1422 1584 nec
1449 1528 1578 1582 ullis
1605 1529 1845 1583 terminis
1881 1526 2147 1582 contineri
2172 1544 2346 1600 posse.
2372 1524 2688 1579 Simillimus

523 1609 683 1664 locus
705 1611 937 1684 finisque
960 1611 1152 1666 Satirae
1172 1625 1253 1666 est
1267 1613 1416 1686 apud
1436 1615 1584 1668 Pers.
1605 1613 1707 1678 vl,
1731 1613 1962 1685 75—80.
1981 1615 2099 1663 Hoec
2116 1629 2307 1679 quoque
2326 1626 2534 1662 summa
2555 1610 2602 1658 si
2613 1625 2690 1657 ne-

532 1714 653 1763 gam
670 1698 817 1747 naluit
828 1698 1141 1765 extenditque
1165 1700 1395 1751 labellum
1411 1738 1429 1766 ‚
1448 1710 1513 1750 ut
1531 1699 1840 1764 conta-ajam
1853 1697 1981 1747 redit
1999 1697 2051 1745 in
2067 1711 2240 1762 uagam
2255 1732 2272 1759 ,
2289 1693 2398 1746 hoo
2419 1703 2500 1745 est
2511 1729 2527 1755 ,
2542 1689 2684 1742 mul-

537 1778 833 1850 tiplicatur,
866 1779 1363 1844 πολλοιπλσισιάζοται,
1388 1779 1540 1854 apud
1563 1783 1714 1835 Pers.
1742 1782 1827 1834 vl
1843 1817 1860 1844 ‚
1884 1797 1972 1851 79,
2001 1777 2098 1831 ubi
2129 1776 2364 1831 Casaub.
2387 1787 2442 1828 et
2471 1774 2686 1844 Koenig.

536 1865 701 1917 verba
726 1877 910 1919 nostra
931 1867 1352 1939 interpretantur
1374 1866 1452 1919 ita
1475 1884 1490 1920 :
1517 1866 1566 1920 si
1592 1882 1800 1918 summa
1834 1862 2084 1916 noudum
2109 1858 2284 1915 tendit
2303 1876 2480 1932 neque
2505 1857 2684 1929 explet

538 1949 901 2021 marsupium,
924 1949 1019 2004 sed
1043 1949 1225 2005 adhuc
1247 1949 1405 2004 hians
1424 1961 1481 2004 et
1497 1951 1686 2003 laxum
1704 1959 1786 2002 est
1797 1965 1858 2000 os
1875 1944 2039 1999 illius.
2079 1945 2203 1998 Hoc
2223 1942 2498 2015 eleganter
2511 1953 2692 1996 trans-

536 2030 710 2084 latum
734 2043 931 2103 putant
958 2052 989 2085 a
1016 2034 1283 2098 vestibus,
1312 2051 1462 2105 qum,
1486 2051 1598 2104 quo
1627 2029 1794 2084 ditior
1821 2027 2016 2100 aliquis
2037 2039 2177 2081 esset
2196 2039 2252 2080 et
2274 2024 2588 2097 elegantior,
2621 2041 2688 2077 eo

542 2113 773 2169 laxiores
792 2115 992 2170 suerint
1014 2129 1068 2170 et
1092 2116 1322 2171 fusiores
1346 2135 1519 2188 eoque
1545 2115 1718 2186 magis
1741 2125 1978 2185 rugata,
1999 2109 2147 2166 unde

1006 2213 1161 2260 Effluit
1178 2213 1329 2261 effuso
1349 2217 1428 2261 cui
1448 2225 1559 2276 toga
1579 2213 1684 2260 laxa
1705 2215 1808 2258 sinu
1819 2242 1836 2265 ‚

544 2296 687 2369 apud
708 2297 918 2350 Tihuu.
952 2299 1015 2364 1,
1041 2304 1075 2353 6
1094 2338 1109 2365 ,
1137 2308 1233 2366 4ος
1261 2313 1319 2355 at
1340 2301 1584 2354 Britann.
1609 2318 1642 2352 a
1671 2317 1858 2360 sacco,
1889 2295 2012 2369 qui,
2043 2313 2211 2368 quum
2239 2296 2432 2376 plenus
2453 2309 2568 2345 non
2594 2289 2693 2358 sit,

542 2393 733 2453 rugam
752 2381 947 2435 trahat.
979 2383 1151 2438 Vetus
1174 2397 1354 2440 autem
1376 2385 1565 2440 Schol.
1595 2395 1650 2437 et
1677 2382 1922 2459 plerique
1957 2380 2134 2453 intpp.
2169 2395 2383 2432 sensum
2405 2375 2696 2430 verborum

546 2463 623 2517 ita
635 2462 929 2536 expediunt
949 2483 963 2517 z
984 2467 1032 2516 si
1054 2443 1158 2518 Σαει-
1178 2487 1365 2537 quoque
1381 2487 1573 2520 summa
1589 2485 1737 2536 rugas
1753 2466 1813 2519 in
1834 2464 2012 2517 fronte
2027 2475 2124 2516 tua
2147 2461 2445 2527 contrahit,
2466 2460 2572 2513 hoc
2585 2469 2693 2520 est,

547 2558 601 2600 te
626 2547 831 2600 tristem
863 2547 994 2601 facit
1028 2547 1271 2621 adeoque
1299 2551 1401 2604 tibi
1436 2548 1716 2622 displicet,
1757 2567 1869 2603 non
1897 2547 2028 2600 satis
2053 2564 2250 2618 magna
2279 2544 2515 2598 videtur.
2543 2540 2693 2594 Illud

546 2628 787 2682 arridere
814 2640 1015 2702 potest,
1046 2632 1305 2702 quoniam
1344 2647 1458 2687 tum
1483 2653 1565 2688 vs.
1602 2633 1706 2704 3²7
1731 2631 2082 2704 metaphora,
2105 2649 2136 2684 a
2171 2641 2320 2684 veste
2343 2627 2536 2701 petita,
2566 2644 2693 2679 cou-

544 2712 791 2766 tinuatur
806 2752 823 2779 ,
853 2726 910 2767 et
936 2730 1056 2787 sup.
1088 2734 1168 2768 vs.
1199 2717 1298 2770 138
1328 2716 1396 2770 de
1426 2716 1616 2770 eadem
1643 2736 1702 2770 re
1735 2713 1938 2770 dicitur
1949 2718 2106 2784 pleno
2129 2733 2279 2782 quum
2303 2725 2462 2782 turget
2478 2713 2698 2762 saeculus

547 2816 648 2851 ore.
684 2798 809 2851 Hoc
844 2817 1005 2866 vero,
1044 2803 1168 2872 quia
1202 2801 1552 2873 subjungitur
1577 2803 1896 2868 extenditque
1930 2802 2185 2858 labellum,
2226 2816 2337 2870 quo
2369 2815 2482 2848 non
2517 2793 2692 2847 minus

546 2879 814 2953 :egritudo
840 2893 896 2936 et
920 2901 1071 2936 mens
1092 2901 1287 2955 parum
1308 2896 1565 2938 contenta
1581 2883 1970 2948 adumbratum
1993 2879 2140 2935 uude
2161 2881 2398 2935 Famah.
2419 2898 2530 2933 non
2551 2878 2693 2932 male

544 2965 770 3036 exponit
796 2965 854 3018 h.
882 2966 989 3019 loe.
1014 2966 1111 3019 «Si
1134 2966 1250 3020 haec
1274 2985 1489 3040 quoque
1516 2985 1729 3021 summa
1755 2981 1810 3022 te
1835 2966 2008 3038 cogit,
2043 2962 2194 3038 quod
2217 2964 2380 3036 Angli
2403 2962 2620 3024 dicunt,
2643 2977 2694 3012 to

544 3051 678 3100 bend
698 3051 782 3100 tlte
795 3053 931 3100 brom
952 3053 1060 3101 and
1075 3051 1303 3121 bangtloe
1322 3054 1412 3118 lip.
1426 3076 1453 3096 ιν
1472 3051 1714 3105 Britanu.
1735 3063 1912 3104 tamen
1935 3049 2044 3101 hoe
2066 3059 2342 3120 sumptum
2358 3045 2698 3116 existimabat

548 3133 619 3186 ab
647 3133 736 3198 iis,
763 3133 859 3205 qui
878 3145 1153 3206 tamquam
1178 3134 1412 3188 famelici
1434 3135 1590 3188 labra
1617 3135 1728 3188 oris
1745 3130 2040 3187 extendant
2057 3129 2132 3184 ad
2149 3131 2332 3184 cibum
2355 3125 2698 3200 capiendum.

545 3218 714 3270 Poeta
734 3217 897 3270 etiam
921 3217 1029 3270 alia
1050 3218 1133 3270 uti
1159 3217 1339 3289 potuit
1360 3218 1946 3291 metaphora.-Tenia
1965 3217 2326 3285 quadringenta
2339 3250 2354 3275 ,
2373 3223 2482 3264 tres
2503 3228 2692 3263 census

544 3309 815 3372 equestres
831 3339 846 3366 ,
882 3299 993 3353 hoc
1018 3313 1125 3362 est,
1170 3318 1390 3354 censum
1426 3303 1784 3364 senatorium5
1822 3317 1984 3372 quem
2007 3301 2276 3369 Augustus
2299 3294 2371 3349 ad
2408 3292 2698 3347 duodecies

546 3383 847 3438 sestertium
864 3382 1034 3437 auxit.
1063 3382 1193 3437 Vid.
1221 3382 1368 3438 Suet.
1388 3385 1520 3456 Aug.
1551 3393 1610 3450 4¹
1628 3385 1764 3452 ;Dio
1786 3384 1904 3447 LV,
1927 3393 1984 3435 et
2006 3381 2149 3435 Plut.
2175 3379 2290 3434 Vit.
2315 3380 2438 3432 Ant.

616 3531 752 3578 Vn.
788 3529 908 3592 327.
942 3529 1096 3587 Non,
1124 3545 1210 3590 27,
1237 3532 1325 3588 64.

614 3622 757 3674 Nor.
798 3623 901 3692 3²7
924 3639 1035 3693 seq.
1070 3621 1131 3676 Si
1152 3621 1397 3676 nondum
1418 3623 1614 3678 satiavi
1636 3623 1992 3696 cupiditatem
2013 3633 2190 3686 tuam,
2211 3620 2320 3673 hoc
2341 3614 2442 3684 est,
2467 3618 2513 3671 si
2538 3637 2604 3672 ea
2623 3636 2694 3673 ne

540 3705 623 3760 sic
636 3703 853 3776 quidem
872 3705 1116 3772 satiatur,
1138 3705 1233 3761 sed
1254 3707 1299 3760 si
1317 3705 1572 3779 pluribus
1592 3707 1770 3760 inhias
1786 3746 1802 3771 ‚
1818 3708 1977 3778 plura
1999 3703 2370 3776 concupiscis:
2388 3721 2490 3756 nec
2507 3701 2700 3766 Croesi,

542 3809 647 3844 nec
674 3807 863 3860 regum
890 3791 1199 3858 Persarum,
1236 3810 1337 3845 nec
1372 3791 1609 3846 Narcissi
1647 3809 1776 3862 opes
1810 3790 2060 3861 uffeient
2091 3791 2262 3840 animo
2297 3799 2427 3850 tuo,
2453 3786 2561 3839 hoc
2587 3797 2700 3852 est,

544 3871 763 3926 avidam
801 3884 1033 3926 mentem
1065 3886 1216 3928 tuam
1258 3875 1569 3947 explebunt.
1607 3875 1773 3928 Poeta
1798 3885 1914 3926 toto
1941 3877 1993 3926 b.
2033 3873 2141 3926 loc.
2181 3890 2304 3925 cum
2327 3869 2699 3942 indignatione

544 3954 803 4026 loquitur.
830 3961 1088 4007 Penanun
1107 3975 1170 4011 ac
1192 3957 1523 4012 Parthorum
1545 3975 1698 4028 reges
1720 3969 1778 4012 et
1795 3957 1928 4010 olim
1951 3966 2007 4009 et
2027 3962 2144 4010 tum
2171 3954 2427 4028 temporis
2447 3952 2702 4027 potentis-

544 4038 665 4092 simi
690 4051 845 4092 erant
862 4037 1132 4113 iidemque
1154 4040 1425 4096 ditissimi.

613 4185 745 4234 Vn.
785 4187 901 4236 328.
940 4185 1085 4236 Rosci
1106 4203 1199 4253 pro
1228 4186 1379 4238 Croesi
1394 4221 1411 4250 ‚
1448 4198 1495 4246 4.
1521 4190 1668 4238 Forte
1694 4203 1721 4237 e
1753 4189 1943 4254 glossa,
1975 4186 2040 4236 ad
2069 4203 2144 4238 vs.
2178 4186 2311 4248 324,
2345 4180 2604 4246 adscripta.
2629 4203 2700 4230 -r
