3050 4884
598 377 711 444 IN
754 375 1205 443 SATIRAM
1246 371 1734 444 DECIMAM
1779 380 2286 464 QUARTAM.
2388 377 2514 460 345

364 488 511 542 inter
531 500 735 545 textum
754 504 809 544 et
833 487 1279 545 commentarium
1296 488 1547 543 colorum
1565 489 1965 545 diversitatem:
1987 493 2091 546 soli
2114 492 2258 546 tituli
2287 505 2340 548 et
2367 492 2520 566 eapi-

258 625 269 632 ‚
364 581 480 626 tum
508 586 827 646 argumenta
852 573 1023 626 minio
1043 573 1409 640 notabantur;
1434 571 1586 647 quod
1607 586 1659 628 et
1683 575 1740 626 in
1753 575 2082 649 quibusdam
2101 577 2256 632 libris
2278 577 2429 631 haud
2442 579 2520 630 ita

363 656 577 730 pridem
598 656 759 712 editis
781 658 1127 711 observatum
1152 668 1251 710 est.
1273 656 1381 710 En.

434 753 575 807 Nor.
619 753 736 822 193.
772 755 958 804 Libello
992 752 1261 825 supplice,
1290 770 1429 816 nou,
1462 762 1527 804 ut
1559 751 1690 804 olim
1707 791 1723 817 ,
1757 770 1858 823 per
1892 764 1947 805 et
1979 767 2203 826 propter
2239 752 2516 808 virtutem.

363 835 607 890 Honores
624 836 887 890 militares
904 877 922 902 ‚
951 835 1091 907 inpr.
1122 835 1371 902 ordines,
1404 837 1477 889 ab
1500 836 1932 908 Imperatoribus
1942 842 2049 906 peu·
2059 878 2074 905 ,
2097 850 2152 892 et
2170 858 2269 910 per
2291 839 2520 910 gratiam

365 915 485 972 dari
507 920 786 974 solebant:
816 917 963 972 unde
987 919 1272 992 vegetius,
1296 920 1353 973 11
1368 961 1384 986 ,
1406 921 1436 973 3
1457 958 1474 985 ,
1496 920 1763 992 queritur,
1797 923 2128 993 «Legionum
2157 925 2328 976 robur
2357 925 2522 977 infra·

362 1015 510 1056 ctum
525 1043 541 1066 ,
573 1023 741 1076 quum
760 1003 975 1076 pra-mia
996 1002 1213 1056 virtutis
1239 1014 1533 1076 occupatet
1554 995 1814 1066 ambitiO,
1843 1017 1897 1057 et
1925 1024 2024 1076 per
2045 1007 2276 1076 gratiam
2299 1026 2518 1078 promo-

360 1099 617 1140 verentur
650 1087 874 1151 milites,
910 1087 1005 1158 qui
1041 1099 1433 1154 consueverant
1459 1105 1560 1158 per
1589 1087 1898 1140 virtutem.-
1934 1089 2091 1142 conf.
2123 1091 2268 1162 Lips.
2299 1089 2368 1144 de
2396 1089 2519 1142 Mil.

364 1169 521 1222 Rom.
552 1170 639 1234 11,
670 1170 721 1223 8.
744 1175 905 1220 Posce
930 1171 1112 1234 vitem,
1138 1181 1261 1241 pete
1292 1169 1750 1223 centurionatum.
1788 1172 1914 1220 Vitis
1931 1171 2142 1241 insigne
2171 1173 2522 1238 centurionis,

366 1249 462 1322 qui
482 1250 681 1306 milites
698 1269 763 1304 ea
779 1251 1099 1323 castigabat.
1124 1262 1142 1288 ¹

433 1394 574 1446 Van.
617 1406 735 1462 194.
767 1397 845 1446 Sit
856 1409 1037 1462 capue,
1066 1415 1088 1446 1
1102 1415 1146 1459 1,
1167 1413 1263 1459 ao,
1278 1397 1425 1462 prob.
1451 1396 1826 1448 Scbnrzfleiscb.
1847 1409 2056 1463 putans,
2081 1409 2210 1448 voce
2224 1401 2316 1450 sed
2335 1401 2523 1450 turbari

365 1492 581 1529 sensnm.

430 1572 606 1626 ΔιιΑι..
650 1579 779 1643 ι94,
829 1575 947 1643 ι95.
998 1573 1211 1626 Exhibe
1250 1592 1381 1628 vero
1418 1586 1470 1627 te
1512 1574 1816 1639 incultum,
1856 1576 1944 1628 vel
1977 1576 2336 1648 negligentem
2379 1577 2524 1632 circa

363 1655 575 1710 cultum
605 1658 849 1731 corporis
884 1678 949 1712 ac
986 1660 1254 1731 pilosum,
1290 1671 1354 1712 ut
1387 1672 1638 1714 strenuus
1674 1659 2006 1728 idoneusque
2040 1663 2238 1716 militiae
2271 1661 2526 1718 videaris.

362 1739 619 1812 Tbeoph.
654 1742 815 1796 Char.
846 1741 1029 1796 XIX.-
1062 1742 1173 1814 περὶ
1208 1739 1524 1815 δυσχερείας,
1564 1747 1595 1812 S
1639 1763 1684 1798 2.
1722 1745 1818 1805 Τὰς
1857 1747 2116 1816 μασχάλας
2154 1745 2396 1819 θηριώδεις
2437 1748 2524 1800 καὶ

366 1817 565 1883 δασείας
588 1823 676 1894 (b.
705 1826 809 1879 loc.
831 1829 945 1878 alas
962 1828 1204 1896 grandes)
1226 1828 1351 1894 ἔχειν
1375 1827 1514 1899 ἄχρις
1539 1827 1620 1879 ἐπὶ
1645 1829 1772 1880 πολὺ
1791 1835 1885 1880 τῶν
1911 1837 2146 1901 πλευρῶν,
2171 1831 2266 1884 ubi
2287 1831 2522 1885 Casaub.

365 1905 602 1972 «Multi,
638 1907 842 1980 inquit,
877 1909 1253 1976 Athenienses,
1294 1929 1406 1984 quo
1445 1911 1617 1982 magis
1653 1913 1757 1964 viri
1790 1913 1955 1965 sortes
1993 1910 2326 1977 viderentur,
2367 1927 2420 1967 et
2455 1917 2525 1968 ab

364 1989 511 2040 omni
532 1991 759 2046 mollitie
780 1991 940 2044 alieni
957 2030 974 2055 ,
1003 1991 1329 2047 studuerunt
1358 1993 1558 2048 hirsuti
1586 2014 1700 2048 esse
1727 1996 1830 2047 sub
1861 1995 2058 2050 axillis.
2090 1998 2232 2050 Nam
2269 2016 2438 2070 quum
2469 1999 2526 2051 in

364 2071 683 2128 concionem
714 2089 1003 2143 venerant,
1037 2077 1095 2130 in
1128 2077 1409 2148 suffragiis
1442 2077 1679 2132 semendis
1711 2090 1926 2151 partem
1958 2079 2124 2131 illam·
2147 2079 2527 2146 denudabant,

360 2167 425 2209 ut
456 2171 639 2232 posset
670 2161 739 2213 ab
781 2161 1064 2228 omnibus,
1105 2172 1396 2234 postquam
1439 2181 1662 2216 manum
1704 2163 1790 2217 vel
1827 2162 2116 2216 brachium
2163 2164 2524 2228 sustulerant,

368 2243 641 2314 conspici,
662 2257 765 2298 etc.
783 2271 806 2292 ι-
844 2245 1003 2300 Conf.
1042 2263 1205 2316 supra
1234 2244 1307 2299 ad
1336 2247 1748 2312 11,11,12‚et
1779 2247 1924 2300 Pers.
1959 2247 2076 2312 111,
2112 2267 2212 2320 77,
2250 2249 2348 2302 ubi
2382 2247 2527 2304 idem

362 2327 597 2381 Casaub.
628 2341 839 2392 mouet,
858 2327 1037 2382 notari
1062 2329 1304 2382 illuviem
1326 2341 1381 2382 et
1403 2327 1684 2401 δυσχέρειαν
1703 2348 1918 2396 eorum,
1941 2331 2036 2402 qui
2055 2333 2522 2396 centurionatum,

359 2411 725 2478 tribunatum,
750 2424 855 2466 etc.
890 2412 1200 2466 ambiebant
1235 2425 1289 2465 et
1315 2412 1495 2468 cultus
1530 2414 1785 2485 neglectu
1819 2428 2148 2488 externoque
2181 2417 2378 2470 babitu
2407 2418 2530 2489 glo-

360 2493 500 2547 riam
526 2495 767 2549 virorum
793 2508 955 2569 atque
986 2495 1302 2550 militarium
1323 2496 1764 2552 affectabant—-
1791 2505 1967 2563 Busa-0,
1993 2501 2207 2572 pectine
2235 2500 2436 2566 buxeo,
2466 2514 2528 2556 ut

364 2577 512 2651 apud
535 2579 699 2634 ovid.
724 2580 866 2634 Fast.
887 2582 1001 2642 VI,
1024 2598 1147 2650 ²²92
1168 2593 1223 2634 et
1246 2581 1485 2634 Martial.
1510 2582 1668 2649 XIV,
1695 2582 1778 2649 25,
1806 2604 1851 2636 2.
1877 2588 2134 2635 —Nares
2153 2585 2370 2650 pilosas:
2398 2604 2526 2638 nam

360 2661 553 2795 mollels
559 2676 647 2811 et⁵
657 2661 937 2718 delicatuli
956 2662 1099 2736 pilos
1121 2663 1335 2718 narium
1354 2664 1688 2731 evellebant,
1710 2679 1772 2719 ut
1797 2679 1852 2720 et
1875 2667 2006 2719 alas.
2033 2666 2192 2722 conf.
2218 2666 2382 2720 Ovid.
2414 2669 2524 2721 Art.

366 2746 463 2796 Am
653 2763 735 2799 ao.

434 2892 571 2942 Vsa.
618 2890 735 2957 195.
770 2893 1017 2954 Adros-ee,
1044 2897 1126 2945 16.

432 2983 575 3040 Nm.
623 2987 741 3055 195.
778 2993 904 3040 Azas
926 2991 1173 3057 grandes,
1202 2987 1394 3041 axillas
1413 2986 1716 3058 grandibus
1733 2987 1861 3060 pilis
1884 2987 2122 3040 hirsutas
2139 3026 2153 3050 ,
2181 2985 2330 3059 quod
2353 2989 2523 3041 virili-

368 3068 493 3122 tatis
514 3066 775 3124 indicium
801 3083 915 3136 est;
946 3073 1077 3125 Brit.
1109 3101 1184 3114 --
1204 3073 1379 3122 helius
1395 3089 1498 3143 pro
1522 3072 1716 3144 quovis
1749 3072 2090 3144 imperatore.
2116 3103 2187 3113 —
2210 3072 2394 3138 Quum
2415 3093 2528 3126 non

366 3153 437 3206 sit
474 3153 842 3227 imperatoris,
873 3172 1097 3208 examen
1125 3153 1404 3208 instituere
1432 3173 1557 3228 cum
1594 3155 1792 3221 tirone,
1827 3173 1893 3207 ex
1918 3154 2084 3207 veteri
2110 3153 2346 3226 quodam
2369 3156 2526 3208 scho-

366 3236 520 3290 liaste
552 3237 791 3292 Cramer.
833 3251 989 3311 putat
1028 3239 1179 3291 Laelii
1212 3237 1431 3292 nomine
1461 3237 1875 3308 intelligendum
1918 3256 2031 3290 esse
2068 3237 2301 3308 aliquem
2342 3251 2525 3290 centu-

363 3319 571 3373 rionem
590 3319 662 3373 ad
686 3323 843 3394 cujus
868 3319 1111 3374 officium
1139 3319 1198 3374 id
1226 3323 1546 3393 pertinebat.
1577 3349 1598 3369 ι
1615 3323 1809 3385 Recte,
1835 3319 2044 3392 inquit,
2072 3332 2126 3372 et
2145 3320 2216 3371 ab
2254 3337 2319 3372 eo
2352 3321 2524 3372 schol.

364 3399 571 3456 discere
600 3416 849 3474 poterant
868 3405 1112 3476 plerique
1130 3423 1278 3458 nunc
1300 3405 1476 3477 intpp.
1511 3405 1606 3478 qui
1635 3405 1858 3458 Laelium
1881 3423 1981 3476 pro
2007 3419 2349 3476 quocumque
2368 3405 2530 3470 impe:

367 3497 534 3538 rator-e
552 3484 759 3540 dictum
776 3487 988 3541 volunt.
1006 3513 1029 3534 a·
1056 3489 1162 3542 En.

433 3633 569 3680 Van.
610 3633 726 3696 196.
761 3632 917 3680 Dima
931 3632 1202 3698 majorum,
1230 3642 1312 3684 ao.

432 3725 574 3780 Nor.
618 3727 736 3794 196.
776 3728 1030 3794 Augias,
1062 3746 1242 3794 casas,
1276 3727 1365 3783 vel
1386 3725 1628 3799 mapalia
1651 3724 1884 3796 (rectius
1911 3725 2153 3798 magaria
2180 3728 2228 3794 ),
2258 3743 2376 3797 quse
2402 3737 2528 3777 sunt

398 3817 406 3822 ⁴
1312 3811 1339 3835 0

1207 3899 1389 3918 mm
1392 3897 1669 3919 mm

440 4021 459 4048 ⁸
498 4014 621 4062 Vid.
642 4015 707 4064 ad
724 4015 965 4066 Nostrum
982 4055 999 4081 ,
1021 4019 1170 4076 vm,
1195 4021 1319 4084 247,
1344 4029 1393 4066 et
1482 3981 1616 4082 Lips.
1647 4019 1760 4066 Mil.
1799 4019 1946 4067 Rom.
1980 4019 2049 4077 V,
2093 4018 2183 4077 183
2213 4017 2420 4068 Cas-nb.
2445 4018 2521 4086 ’ad

366 4093 431 4142 ad
444 4091 530 4142 Sil.
556 4093 780 4143 Italicum
795 4129 811 4153 ,
835 4097 937 4156 VI,
968 4098 1065 4155 433
1098 4098 1233 4155 111,
1274 4094 1397 4160 395,
1484 4099 1725 4163 spartian.
1741 4097 1898 4146 liade.
1923 4113 1984 4147 ιο
2001 4114 2016 4156 ;
2035 4099 2216 4148 Rader.
2239 4099 2304 4146 ad
2321 4099 2524 4146 Martia-

368 4172 645 4234 46531‘1111.
662 4173 806 4234 xlv,
828 4191 849 4223 1
866 4193 882 4236 ς
899 4176 1051 4226 Tacit.
1068 4176 1245 4224 Auml
1259 4211 1275 4236 ,
1298 4177 1397 4237 233
1486 4179 1550 4227 lis
1571 4181 1864 4246 Epigramin.
1893 4179 1940 4224 X
1957 4212 1972 4238 ,
1997 4177 2084 4239 26,
2107 4193 2150 4227 1.
