3050 4884
350 395 1602 419 mmm-mmm
1609 398 2438 421 mmmm

534 660 1205 777 SA-TIRA
1290 630 2274 783 UNDECIMA.

1244 946 1576 960 ffl—

338 1160 695 1273 Arrlcus
728 1200 961 1267 eximie
996 1200 1049 1268 si
1090 1213 1340 1286 coenat,
1371 1196 1591 1266 lautus
1622 1199 1940 1288 habetur3

334 1309 405 1376 Si
444 1306 749 1395 Rutilus,
788 1309 1065 1377 demens
1096 1335 1112 1377 ε
1144 1309 1309 1401 quid
1354 1309 1536 1377 enim
1577 1310 1828 1403 majore
1863 1312 2193 1381 cachinno

334 1420 687 1513 Excipitur
718 1417 934 1513 vulgi,
974 1445 1173 1515 quam
1210 1442 1476 1513 pauper
1504 1419 1824 1511 Apicius?
1857 1421 2076 1490 omnis

334 1530 745 1617 Convictus,
783 1530 1094 1616 thermae,
1128 1534 1475 1615 stationeS,
1509 1554 1710 1598 omne
1747 1530 2078 1600 theatrum

334 1642 443 1709 De
473 1640 703 1709 Rutilo
731 1668 747 1708 z
780 1667 937 1709 nam
969 1640 1129 1709 dum
1164 1638 1381 1708 valida
1414 1664 1491 1707 ac
1522 1638 1854 1732 juvenilia
1885 1642 2188 1712 membra
2455 1663 2484 1714 5

336 1748 703 1819 Sufficiunt
730 1749 967 1846 galeae,
1002 1748 1299 1843 dumque
1331 1749 1570 1819 ardent
1604 1750 1964 1845 sanguine,
1999 1752 2233 1840 fertur,

338 1861 500 1929 Non
530 1874 817 1954 cogente
849 1860 1161 1953 quidem,
1196 1859 1309 1927 sed
1344 1884 1472 1927 nec
1502 1860 1906 1955 prohibente
1941 1862 2246 1949 tribun0,

338 1972 733 2065 Scripturus
763 1969 938 2063 leges
971 1986 1040 2039 et
1071 1972 1248 2065 regia
1280 1970 1482 2037 verba
1511 1966 1787 2038 lanistae.

339 2078 601 2149 Multos
626 2104 837 2174 porro
862 2079 1074 2163 videS,
1106 2104 1275 2173 quos
1312 2104 1487 2173 saepe
1525 2078 1748 2148 elusus
1781 2079 1865 2147 ad
1894 2082 2115 2174 ipsum

342 2190 657 2259 Creditor
692 2192 1045 2259 introitum
1080 2190 1246 2258 solet
1282 2204 1670 2283 exspectare
1699 2188 1990 2277 macelli,
2429 2223 2493 2258 ιο

338 2304 430 2368 Et
458 2300 699 2394 quibus
734 2302 803 2368 in
834 2300 975 2369 solo
1014 2300 1283 2369 vivendi
1327 2325 1523 2368 causa
1556 2298 1778 2394 palato
1808 2317 1926 2369 est.

340 2412 672 2507 Egregius
705 2425 928 2480 coenat
958 2410 1337 2507 meliusque
1373 2412 1789 2481 miserrimus
1822 2397 2098 2499 horum,

343 2525 433 2591 Et
464 2523 605 2592 cito
634 2547 906 2592 casurus
934 2524 1077 2615 jam
1106 2520 1497 2616 perlucente
1526 2523 1742 2591 ruina.

850 2728 979 2766 svn
988 2730 1072 2765 BE
1104 2729 1437 2767 mumolus
1466 2728 1986 2765 IKTERPRETATIO.

422 2826 493 2883 Sl
519 2825 747 2883 Atticus
764 2828 1031 2901 epulatur
1052 2827 1321 2901 opipare,
1347 2828 1527 2883 homo
1551 2828 1886 2900 splendidus
1909 2839 1968 2883 et
1987 2826 2324 2904 magnificus
2346 2828 2495 2885 exis-

346 2918 583 2975 timatur
612 2941 627 2974 ε
657 2920 705 2974 si
735 2920 964 2975 Rutilus
1003 2921 1117 2975 hoc
1146 2919 1302 2976 idem
1338 2920 1498 2989 facit,
1545 2918 1872 2975 dementem
1900 2920 2063 2974 illum
2104 2920 2494 2993 praedicamus.

344 3011 509 3081 Quid
544 3009 702 3067 enim
750 3024 834 3067 est
866 3012 1028 3085 quod
1058 3012 1265 3087 vulgus
1294 3010 1505 3085 majori
1545 3012 1827 3067 cachinno
1869 3011 2116 3085 excipiat
2157 3024 2494 3088 carpatque,
2588 3036 2596 3048 ,

345 3122 519 3177 qnam
538 3120 851 3178 pauperem
876 3103 1187 3177 Apicium?
1211 3106 1283 3158 In
1305 3122 1408 3159 ore
1436 3103 1696 3159 omnium
1727 3104 1955 3161 Rutilus
1978 3116 2097 3175 est3
2123 3104 2394 3181 frequens
2424 3106 2495 3163 de

344 3196 447 3253 illo
470 3216 664 3253 sermo
682 3198 744 3251 in
767 3196 1077 3266 conviviis,
1098 3196 1160 3251 in
1184 3195 1403 3251 balneis
1421 3238 1437 3265 ‚
1462 3198 1524 3250 in
1549 3198 1776 3252 theatro
1797 3241 1816 3269 ,
1845 3198 1909 3253 in
1928 3198 2130 3273 plateis
2160 3210 2218 3253 et
2245 3218 2498 3256 conven-

344 3288 541 3345 tibus:
574 3289 789 3362 quippe
818 3288 953 3361 qui,
997 3299 1127 3361 post
1164 3288 1429 3343 fortunas
1471 3288 1534 3342 in
1575 3288 1768 3362 ganeis
1811 3290 2181 3365 dilapidatas,
2225 3291 2364 3346 dum
2397 3311 2498 3347 va-

346 3381 452 3436 lidi
480 3400 547 3436 ac
572 3380 867 3453 juvenales
888 3390 1047 3436 artus
1072 3379 1275 3435 cassidi
1298 3380 1552 3435 serendae
1584 3400 1749 3455 pares
1779 3392 1939 3451 sunt,
1977 3392 2034 3437 et
2059 3382 2196 3436 dum
2225 3383 2500 3458 sanguine

348 3475 537 3534 adhuc
560 3474 793 3547 integro
820 3472 1047 3529 fervent
1064 3514 1081 3541 ,
1112 3472 1279 3527 vadit
1307 3472 1382 3527 ad
1408 3472 1612 3527 ludum
1637 3472 2044 3549 gladiatorium
2063 3513 2080 3541 ,
2109 3484 2174 3528 ut
2201 3473 2286 3528 ibi
2312 3493 2343 3529 a
2374 3492 2499 3529 ma·—

350 3566 531 3641 gistro
566 3566 705 3622 artis
734 3565 1012 3622 rationem
1044 3564 1479 3621 tractandorum
1510 3584 1806 3621 armorum
1826 3606 1842 3632 ‚
1873 3576 1930 3619 et
1957 3564 2262 3639 imperiosa
2287 3567 2502 3624 ediscat

348 3658 661 3715 scribendo
690 3670 1000 3732 praecepta,
1024 3657 1233 3732 quibus
1262 3658 1337 3711 ad
1361 3656 1646 3711 ludicram
1675 3674 1924 3733 pugnam
1947 3657 2166 3713 tirones
2186 3658 2500 3715 instituun-

354 3760 477 3818 tur,
509 3750 661 3805 fame
694 3748 929 3823 quidem
957 3750 1263 3822 impulsus;
1286 3768 1403 3803 non
1436 3760 1666 3805 coactus
1697 3768 1729 3803 a
1755 3750 1993 3804 tribuno
2012 3790 2028 3817 ,
2063 3768 2184 3805 non
2213 3760 2401 3808 tamen
2425 3752 2498 3809 ab

352 3840 553 3896 eodem
580 3840 925 3914 prohibitus.
948 3840 1169 3895 Multos
1186 3840 1388 3895 videre
1416 3850 1530 3907 est,
1563 3858 1708 3913 quos
1723 3840 1810 3894 sui
1831 3839 2152 3896 creditores
2173 3858 2319 3916 saepe
2333 3855 2499 3899 antea

355 3932 608 4006 decepti,
640 3932 1025 4005 opperiuntur
1046 3932 1105 3987 in
1135 3932 1261 4005 ipso
1284 3932 1509 3987 macelli
1543 3932 1702 3987 aditu
1726 3952 1743 4001 ς
1781 3933 1881 4006 qui
1911 3932 2190 3991 videntur
2223 3937 2300 3991 ob
2326 3939 2497 3993 unius

354 4028 500 4101 gulae
520 4044 747 4082 causam
776 4025 975 4081 vivere
990 4066 1005 4094 ,
1024 4024 1241 4081 scilicet
1262 4036 1330 4081 ut
1352 4024 1524 4080 edant
1545 4043 1609 4079 ac
1628 4024 1846 4079 bibant.
1883 4028 2016 4094 Quo
2043 4027 2171 4099 quis
2196 4026 2350 4082 inier
2367 4028 2495 4082 illos

356 4128 439 4173 est
459 4117 768 4193 perditior,
797 4128 855 4173 et
874 4117 992 4189 jam
1018 4117 1265 4193 propior
1292 4116 1618 4172 imminenti
1645 4116 1854 4185 ruinae,
1888 4136 1958 4174 eo
1979 4119 2183 4174 melius
2207 4128 2266 4173 et
2287 4119 2495 4173 lautius
