3050 4884
793 370 900 435 IN
944 368 1401 435 SATmAM
1446 368 1962 437 υΕοῙΜΑΜ.
2355 370 2439 453 89

313 476 495 533 randae
511 478 840 533 occasionem
851 517 868 541 ‚
889 482 1426 557 interfectoNTiberiQ
1441 500 1551 535 non
1569 484 2055 555 arripuisset—Ex
2071 500 2169 550 qno
2186 484 2441 552 suffragia

314 566 446 613 nulle·
476 560 764 616 candidato
789 568 1404 635 vendinwsssoepxwtxfnc
1433 578 1561 637 pro,
1590 584 1653 619 ex
1690 584 1799 637 quo
1826 564 2083 636 suffragia
2120 567 2445 637 comitiaque

315 646 473 699 nobis
499 646 747 721 adempta
767 661 892 703 aunt
913 667 924 701 :
945 667 1074 701 nam
1099 650 1360 721 suffragia
1378 651 1508 702 olim
1534 650 1745 703 venalia
1762 651 2078 722 plerumque
2099 661 2275 713 erant;
2302 647 2447 701 unde

315 742 396 783 tot
416 731 559 802 leges
580 730 650 785 de
672 734 877 787 ambitu
895 733 1030 785 latai.
1047 742 1062 767 ¹
1088 764 1161 775 —
1185 739 1298 785 Iam
1316 737 1533 801 pridem,
1559 736 1672 806 jam
1693 734 1821 788 inde
1850 752 1882 787 a
1908 737 1941 788 J
1946 736 2043 786 ulii
2066 734 2287 787 Caesaris
2312 747 2447 787 tem-

313 814 562 885 poribus,
601 814 696 886 qui
721 815 938 869 comitia
961 834 1084 869 cum
1109 817 1314 888 populo
1342 818 1574 888 partitus
1600 830 1695 871 est.
1732 819 1867 889 Ejus
1904 817 2209 870 institutum
2233 815 2451 869 reduxit

317 896 612 966 Augustus,
633 909 688 949 et
710 898 969 951 ambitum
993 900 1282 971 multiplici
1294 919 1450 973 poena
1467 904 1722 955 coercuit.
1747 902 2000 955 Tiberius
2020 915 2197 955 autem
2216 940 2231 965 ,
2257 901 2451 955 animis
2553 957 2558 964 ‚

315 978 680 1032 Romanorum
708 981 890 1035 fractis
904 984 1018 1053 jam
1036 1020 1052 1045 ,
1077 995 1130 1035 et
1157 983 1375 1037 servitio
1399 984 1636 1039 adsuetis
1651 1024 1667 1049 ,
1695 984 1914 1039 comitia
1947 1003 2169 1056 prorsus
2190 1004 2219 1037 e
2241 985 2448 1056 Campo

315 1061 372 1115 in
395 1063 599 1117 curiam
625 1066 924 1133 transtulit,
951 1085 1124 1138 neque
1149 1085 1214 1120 ea
1244 1068 1436 1122 exinde
1465 1070 1673 1141 populo
1706 1067 1921 1121 reddita
1953 1079 2093 1121 sunt.
2116 1077 2140 1103 ³
2168 1098 2237 1109 —
2268 1071 2449 1129 cums,

316 1165 527 1200 omnem
541 1167 726 1201 curam
743 1150 1052 1221 reipublicae
1069 1150 1524 1215 administranda,
1544 1150 1903 1206 creandorum
1916 1149 2161 1221 inprimis
2175 1152 2453 1221 magistra-

319 1240 468 1282 tuum
483 1230 768 1303 legumque
785 1233 1184 1287 sciscendarum
1196 1272 1210 1295 ‚
1231 1237 1430 1304 effiade‘e,
1447 1235 1679 1299 dimisit3
1700 1234 1849 1306 quod
1868 1236 2115 1305 εἰρωνικῶς
2132 1232 2338 1290 dictum
2356 1251 2453 1302 est,

319 1314 467 1385 quasi
491 1313 589 1366 otii
616 1332 796 1368 amore
827 1334 890 1369 ac
913 1329 1128 1388 sponte,
1155 1318 1243 1371 vel
1277 1317 1412 1371 adeo
1442 1318 1691 1381 libenter,
1716 1335 1813 1369 sua
1831 1319 1956 1389 jura
1976 1316 2173 1369 Conari
2194 1329 2247 1369 et
2275 1318 2453 1387 Impe-

314 1395 583 1451 ratoribus
603 1398 937 1453 concesserit.
953 1396 977 1435 ³
997 1429 1065 1441 —
1085 1400 1215 1452 Haec
1245 1402 1410 1455 verba
1435 1401 1492 1454 iu
1515 1413 1745 1455 mentem
1776 1399 2047 1453 reducunt
2070 1399 2175 1453 viri
2203 1399 2455 1453 facundia

219 1516 229 1529 .
313 1490 370 1531 et
393 1480 639 1535 acumine
661 1482 960 1552 praestantis
996 1500 1310 1553 responsum
1339 1482 1408 1537 ad
1436 1483 1751 1555 quemdam,
1792 1482 1887 1555 qui
1910 1482 2112 1535 Gallici
2132 1482 2323 1555 populi
2348 1484 2458 1537 vim

313 1574 369 1614 et
393 1565 634 1643 ἅνίργιιοξν
657 1584 829 1637 nuper
850 1566 1042 1618 elatius
1057 1567 1329 1637 jactabat:
1347 1572 1396 1619 11
1400 1587 1447 1631 y
1463 1586 1498 1619 a
1521 1571 1815 1635 long-temps
1835 1583 1929 1631 que
1947 1569 1995 1617 Ie
2006 1568 2185 1632 peuple
2206 1569 2458 1617 som-emin

314 1665 350 1695 a
374 1650 549 1699 donne*
572 1667 629 1698 sa
656 1650 937 1701 demission.
979 1650 1086 1701 En.

384 1743 436 1795 N
439 1760 530 1795 or.
555 1760 639 1815 79.
678 1746 936 1808 Imperium
959 1762 1250 1803 summum.
1271 1755 1326 1795 et
1343 1742 1563 1815 quidem
1585 1755 1693 1795 tam
1718 1741 1903 1805 civile,
1916 1742 2093 1809 fasces
2112 1740 2459 1809 (dictaturas,

315 1824 630 1878 consulatus
643 1866 658 1888 ‚
689 1838 948 1898 proturas
963 1829 1010 1896 ),
1046 1844 1211 1899 quam
1243 1826 1502 1886 militare,
1540 1829 1769 1893 legiones.
1812 1825 1937 1877 Vox
1974 1827 2141 1875 omnia
2170 1825 2462 1897 separatim

316 1907 606 1983 capienda.
623 1908 648 1949 ⁴

387 2006 531 2058 Nor.
569 2004 655 2057 80.
699 2007 927 2057 Continet
949 2024 1028 2069 se,
1049 2003 1288 2059 modeste
1309 2017 1520 2059 coercet
1548 2004 1869 2076 cupiditates
1892 2023 2016 2057 suas
2030 2042 2047 2069 ,
2066 2003 2205 2057 nihil
2229 2005 2461 2076 amplius

317 2089 496 2162 cupit,
520 2107 680 2161 quam
691 2108 882 2156 panem
900 2104 950 2141 et
971 2092 1222 2142 Circenses
1245 2093 1388 2141 ludos
1402 2127 1416 2151 ,
1442 2106 1577 2159 quos
1597 2101 1773 2141 tamen
1794 2090 2006 2153 ansius,
2030 2088 2189 2141 anxie
2202 2124 2217 2150 ‚
2238 2086 2461 2159 cupide,

317 2184 505 2245 optat:
531 2183 812 2225 contentus
827 2184 931 2237 est,
953 2171 1248 2225 dummodo
1261 2183 1316 2224 et
1335 2172 1548 2225 facilem
1565 2172 1766 2226 habeat
1786 2174 1987 2225 victum
2003 2212 2019 2237 ,
2036 2185 2093 2225 et
2111 2172 2461 2245 voluptatem.

317 2256 522 2311 Confer
542 2256 716 2309 Tacit.
741 2256 930 2310 Annal.
963 2257 992 2309 1
1009 2296 1024 2321 ,
1057 2276 1104 2309 a.
1119 2287 1190 2297 —-
1210 2260 1424 2319 Panem,
1445 2256 1715 2326 sportulas
1748 2266 1801 2309 et
1828 2255 2101 2327 congiaria
2133 2256 2219 2308 vel
2242 2268 2465 2310 tesseras

321 2340 744 2412 largitionesque
769 2339 1175 2405 frumentariam
1219 2336 1343 2393 vide
1374 2336 1446 2391 ad
1470 2339 1585 2391 vn
1602 2374 1617 2401 ‚
1648 2344 1763 2410 ¹7⁴·
1788 2336 1811 2375 ⁵
1836 2368 1907 2379 —
1936 2340 2180 2390 Cin-enses
2196 2377 2213 2403 ,
2246 2339 2372 2393 vide
2392 2340 2465 2394 ad

324 2425 443 2490 ΠΙ,
476 2423 597 2478 223.

389 2570 530 2618 Van.
570 2568 652 2615 81.
690 2569 832 2627 Pan,
867 2584 952 2631 ιι,
988 2570 1223 2630 14—2-25,
1251 2572 1343 2627 45,
1373 2572 1466 2628 46,
1495 2577 1595 2632 49,
1625 2568 1707 2617 55.
1744 2568 1883 2616 Valla
1908 2566 1963 2617 τὸ
1989 2568 2089 2617 πᾶν
2112 2568 2358 2627 irrisorie,
2386 2569 2471 2617 vel

323 2652 438 2699 Pan
458 2664 558 2716 pro
575 2650 721 2697 Pana
747 2648 934 2697 dictum
959 2649 1175 2712 putabat.
1201 2653 1378 2710 Pana,
1402 2667 1430 2697 a
1449 2686 1466 2707 ,
1497 2651 1525 2697 3
1543 2684 1559 2711 ,
1589 2650 1645 2708 5,
1674 2649 1732 2697 ι8
1759 2667 1786 2697 a
1806 2666 1873 2697 m.
1894 2650 1991 2700 secl
2017 2652 2112 2709 50,
2132 2650 2341 2707 61--64
2358 2685 2372 2709 ,
2394 2652 2463 2699 66

321 2734 464 2782 -68
479 2766 494 2791 ,
523 2748 548 2792 7
561 2741 754 2793 1—-74,
774 2740 824 2778 et
849 2730 991 2778 multi
1009 2731 1168 2779 Codd.
1198 2731 1352 2782 Paris.
1373 2732 1554 2796 probb.
1571 2733 1793 2781 Britann.
1812 2743 1861 2780 et
1878 2734 2037 2781 Pulm.
2060 2743 2116 2780 ut
2137 2732 2465 2795 intelligantur

317 2812 616 2879 Lupercales
639 2812 748 2859 ludi
773 2812 828 2859 in
855 2812 1095 2861 bonorem
1113 2816 1274 2863 Panos
1296 2814 1404 2864 acti.
1423 2818 1637 2872 Panem,
1662 2822 1717 2874 4,
1747 2815 1807 2862 3ι
1836 2812 1887 2862 b.
1906 2813 2028 2863 cod.
2056 2815 2167 2861 Pnt.
2196 2822 2245 2859 et
2269 2813 2462 2862 Thnan.

315 2914 373 2949 ,1.
403 2898 629 2954 Panum,
655 2910 739 2957 27·
765 2894 1022 2952 Parmam,
1049 2898 1148 2954 30,
1181 2898 1243 2945 32
1261 2932 1276 2957 ,
1301 2906 1361 2957 47
1379 2934 1394 2957 ‚
1423 2896 1486 2953 48
1504 2931 1519 2957 ,
1544 2896 1641 2957 54,
1666 2897 1901 2956 sue—fio,
1926 2896 2025 2956 65,
2064 2897 2165 2960 69,
2187 2906 2236 2944 et
2262 2894 2461 2960 qnidam

1166 3042 1623 3061 muns-‚Qum

400 3154 420 3181 ¹
460 3149 604 3199 conf.
625 3150 806 3197 anau.
831 3149 856 3195 1
873 3184 888 3209 ,
922 3149 1046 3209 1783
1069 3149 1264 3196 Patron.
1281 3147 1344 3197 de

323 3230 504 3277 Mutat.
525 3226 734 3291 reipubl.
761 3228 910 3275 Rom.
940 3244 1012 3276 vs.
1036 3228 1101 3291 39
1127 3244 1227 3291 seq.
1247 3226 1343 3275 ibi-

325 3324 424 3371 que
456 3306 766 3355 Wernsdorf.
793 3306 850 3354 in
878 3308 1013 3354 Poet.
1039 3308 1198 3355 Latin.
1223 3307 1345 3354 min.

323 3398 447 3435 tom.
473 3387 577 3445 111,
602 3402 710 3451 pag.
741 3388 821 3445 31,
843 3385 926 3433 32.

400 3471 424 3497 ²
459 3464 588 3513 Vide
609 3465 815 3515 Casanb.
845 3466 908 3513 ad
932 3467 1134 3514 Sueten.
1151 3467 1206 3515 in
1226 3468 1346 3515 Caes.

331 3560 426 3607 19,
446 3554 532 3603 41,
548 3545 672 3593 etin
694 3547 824 3611 Aug.
847 3554 937 3602 403
959 3547 1109 3595 Tacit.
1133 3548 1266 3597 Anu.
1292 3548 1343 3606 1,

333 3624 418 3682 15,
441 3622 612 3687 ibique
631 3624 834 3673 Excurs.
853 3625 984 3689 Lips.

400 3694 426 3733 ³
463 3701 694 3749 Similiter
731 3700 984 3768 effundere
1023 3718 1192 3751 curam
1231 3702 1310 3751 sui
1327 3741 1343 3766 ,

324 3779 686 3829 verecundiam
708 3792 756 3831 et
777 3781 936 3830 odium
958 3781 1126 3831 dixere
1147 3784 1258 3833 Seu.
1283 3784 1346 3833 de

327 3860 412 3907 Ira
428 3892 442 3916 ,
460 3860 538 3919 11,
568 3861 657 3919 35,
681 3862 737 3909 in
765 3862 916 3926 Epist.
939 3865 987 3910 11
1003 3898 1019 3922 ,
1041 3872 1088 3910 et
1107 3862 1263 3911 Cicer.
1282 3864 1346 3911 ad

328 3937 500 3985 Diviu.
527 3940 580 3999 1,
609 3956 669 4002 9,
692 3940 726 4005 S
748 3942 831 3997 54.
860 3942 1040 3990 Confer
1059 3943 1348 3993 vernadorf.

330 4018 472 4065 Poet.
489 4020 589 4065 Lat.
607 4020 726 4067 min.
750 4030 868 4069 tom.
891 4021 979 4080 IV,
1001 4037 1114 4087 pag.
1143 4024 1260 4079 340.

402 4091 428 4133 ⁴
463 4097 590 4147 Vide
642 4099 808 4148 But-m.
858 4099 923 4149 ad
974 4101 1154 4167 Sulpic.
1207 4102 1346 4149 Satir.

1433 3165 1504 3199 vs.
1538 3150 1602 3197 38
1623 3184 1639 3209 ,
1672 3149 1761 3199 lib.
1790 3160 1839 3198 et
1864 3150 1927 3199 ad
1952 3150 2143 3201 Phaedr.
2170 3152 2259 3211 tv,
2282 3152 2380 3213 23,
2410 3154 2460 3201 5.

1507 3223 1531 3261 ⁵
1565 3228 1717 3277 Panis
1770 3228 1915 3277 etiam
1966 3229 2157 3277 civibus
2209 3245 2303 3293 pro
2352 3230 2459 3277 fru-

1433 3320 1603 3359 mento
1629 3309 1770 3357 tlatns
1784 3344 1801 3369 ,
1826 3310 1913 3358 sed
1945 3312 2067 3357 sorte
2097 3324 2203 3357 non
2229 3320 2341 3357 ante
2362 3310 2459 3357 im-

1433 3388 1624 3452 perinm
1660 3389 1861 3449 Traiani
1892 3388 2026 3455 (vide
2060 3388 2192 3451 Lips.
2228 3388 2377 3436 Elect.
2406 3392 2457 3442 Ι,

1435 3466 1531 3532 8).
1555 3468 1653 3515 nisi
1680 3468 1830 3528 huius
1857 3467 1930 3515 rei
1958 3478 2129 3515 auctor
2158 3467 2323 3530 potius
2358 3470 2459 3517 Ha-

1434 3545 1638 3595 drianus
1672 3547 1797 3607 ruit,
1837 3546 1971 3609 qnod
2003 3546 2259 3609 probabile
2299 3546 2359 3594 fit
2397 3563 2459 3595 ex

1433 3627 1539 3687 ejus
1577 3627 1739 3674 edicto
1767 3624 1898 3688 apud
1927 3626 2095 3686 Cujac.
2128 3624 2275 3674 Obss.
2306 3628 2458 3686 XXI,

1434 3708 1484 3755 6.
1519 3707 1648 3755 Inde
1688 3704 1976 3753 Plathnerus
2018 3704 2302 3769 colligebat,
2332 3706 2461 3755 hanc

1435 3786 1633 3833 satiram
1661 3784 1755 3833 sub
1786 3784 2040 3833 Hadriam
2077 3785 2306 3847 scriptam
2340 3801 2461 3833 esse.

1433 3864 1530 3913 Sed
1537 3863 1693 3928 panis
1711 3864 1853 3911 etiam
1868 3862 1967 3912 hoc
1989 3864 2101 3912 loco
2125 3863 2185 3912 de
2209 3864 2459 3913 frumento

1434 3943 1592 4006 accipi
1610 3952 1769 4005 potest
1791 3953 1838 3990 et
1861 3944 2023 3991 forsan
2047 3941 2219 4001 debet,
2246 3941 2361 4006 quia
2388 3944 2459 3989 es-

1435 4020 1609 4085 fingun
1616 4032 1694 4070 tur
1710 4040 1959 4073 sermones
1975 4024 2139 4088 plebis
2162 4040 2224 4073 eo
2244 4034 2462 4086 tempore

1433 4102 1674 4163 viventia,
1699 4118 1807 4167 quo
1822 4105 2025 4167 Sejanus
2050 4103 2213 4167 periit.
