3050 4884
460 389 498 431 2
634 367 719 430 D.
766 363 1043 430 JUNII
1090 359 1652 428 IUVENALIS
1701 357 2058 424 SATIRA
2103 361 2412 428 NONA.

447 479 577 552 jura
588 489 894 556 parentum
910 480 1350 554 legatorumque
1362 474 1777 550 capiendorum
1793 472 2041 529 debeant
2052 515 2068 542 ‚
2085 493 2142 528 v.
2162 493 2414 550 27—90.
2426 476 2602 531 Poeta

454 573 762 630 miseratur
773 581 991 628 sortem
1006 569 1229 626 Naevoli
1246 569 1437 644 ;isque
1456 576 1623 642 rogat
1635 607 1651 636 ,
1665 574 1732 620 ut
1747 567 1970 622 occulta
1983 566 2092 641 ipsi
2111 567 2324 624 credita
2340 568 2604 638 reticeat,

454 647 731 740 quoniam
760 661 979 738 pathici
1016 661 1156 719 odio
1190 671 1618 736 prosequantur
1651 677 1779 714 eum
1794 699 1809 727 ,
1842 677 1874 714 a
1904 678 2022 732 quo
2063 659 2298 716 timeant
2327 659 2601 718 libidines

450 776 577 814 suas
603 754 892 832 evulgari,
914 765 973 811 et
1001 755 1095 811 vel
1114 773 1314 811 necem
1338 753 1423 809 illi
1447 751 1871 819 machinentur,
1893 769 1950 806 v.
1977 770 2274 825 90—101.
2305 753 2601 808 luvenalis

448 859 653 906 contra
696 857 923 916 monet,
964 846 1039 901 ab
1076 865 1174 914 e0,
1224 843 1326 918 qui
1367 845 1564 918 plures
1593 860 1792 900 servos
1831 841 2067 912 habeat,
2095 841 2274 911 nihil,
2301 861 2377 898 ne
2414 854 2598 900 noctu

448 939 685 1016 quidem
702 979 719 1008 ,
751 937 897 994 clam
921 956 1089 1012 posse
1115 934 1471 1011 perpetrari,
1504 945 1562 990 et
1590 943 1746 989 recte
1771 932 2089 992 vivendum
2121 949 2275 1002 esse,
2305 951 2438 989 eum
2461 933 2598 993 alias

450 1032 529 1087 ob
552 1048 747 1088 causas
764 1070 781 1100 ,
808 1040 933 1085 tum
958 1027 1278 1103 praecipue,
1309 1038 1377 1082 ut
1402 1037 1778 1082 contemnere
1799 1023 1969 1080 liceat
1991 1023 2248 1100 lingum
2271 1025 2602 1100 mancipio-

448 1141 609 1194 rum,
638 1140 765 1197 quae
790 1121 1028 1195 quidem
1052 1119 1297 1195 pessima
1320 1137 1523 1176 eorum
1553 1135 1684 1192 pars
1715 1115 1790 1172 sit
1807 1159 1824 1185 ,
1850 1135 1910 1172 v.
1941 1134 2276 1173 roa—122.
2309 1118 2436 1173 Hoc
2460 1137 2605 1174 con-

446 1213 639 1270 silium
666 1213 914 1268 salutare
956 1211 1195 1286 quidem
1227 1229 1346 1268 esse
1374 1209 1590 1266 fatetur
1615 1208 1888 1265 Naevolus
1903 1250 1920 1280 ,
1963 1209 2065 1265 sed
2094 1227 2251 1264 nnnc
2279 1209 2603 1266 rationibus

448 1303 566 1361 suis
596 1321 805 1377 parum
836 1301 1166 1358 conducere
1210 1313 1343 1375 post
1388 1311 1756 1358 consumtum
1781 1301 1898 1375 jam
1931 1300 2111 1356 aetatis
2150 1300 2336 1357 robur
2378 1311 2437 1356 et
2476 1319 2604 1376 spes

448 1395 743 1468 deceptas,
773 1411 832 1450 v.
884 1392 994 1448 123
1016 1423 1097 1434 —
1118 1407 1259 1466 129.
1286 1393 1463 1448 Poeta
1496 1411 1630 1450 eum
1659 1392 1900 1450 meliora
1929 1410 2162 1467 sperare
2192 1391 2386 1466 jubet,
2424 1411 2605 1467 quum

445 1497 631 1544 stante
659 1487 847 1543 Roma
872 1501 1191 1557 numquam
1228 1483 1487 1556 defuturi
1518 1485 1634 1542 sint
1661 1487 1927 1544 homines
1949 1485 2154 1542 molles
2183 1504 2250 1542 ac
2281 1486 2516 1560 cinaedi,
2544 1507 2602 1545 v·

455 1577 787 1644 130—134.
816 1579 897 1633 At
915 1575 1187 1632 Naevolus
1212 1593 1374 1650 spem
1390 1616 1406 1642 ,
1431 1577 1572 1634 inde
1600 1577 2038 1654 concipiendam
2053 1617 2072 1648 ,
2100 1577 2362 1634 felicibus
2381 1587 2604 1634 tantum

450 1669 809 1745 propositam
836 1685 957 1724 esse
980 1665 1155 1736 dicit,
1180 1685 1303 1722 non
1332 1665 1443 1723 sibi
1459 1708 1476 1736 ,
1503 1687 1676 1740 quem
1699 1671 1904 1725 Fatum
1935 1669 2074 1726 velit
2101 1669 2263 1725 tenui
2286 1670 2450 1726 victu
2471 1689 2608 1726 con-

452 1771 679 1818 tentum
702 1777 821 1816 esse
838 1799 858 1832 ,
882 1770 941 1814 et
970 1757 1034 1814 in
1060 1758 1223 1831 cujus
1242 1768 1382 1814 vota
1410 1759 1672 1813 Fortuna
1699 1760 1778 1813 sit
1799 1761 1975 1816 surda
1995 1801 2012 1831 ,
2034 1779 2092 1814 v.
2127 1761 2462 1820 135—150.

1088 2093 1561 2180 SATIRAE
1612 2092 1978 2183 NONAE

1264 2257 1789 2315 ANALYSIS.

536 2439 721 2499 Satira
743 2439 866 2494 haec
887 2436 1252 2513 lepidissimis
1278 2439 1449 2514 plena
1475 2436 1688 2493 salibus
1705 2478 1720 2506 ‚
1749 2439 1852 2494 sed
1873 2449 1932 2494 et
1954 2439 2395 2498 obscoenissimis
2409 2482 2428 2509 ,
2454 2453 2604 2499 tota-

457 2552 573 2610 que
598 2529 911 2590 dramatica
938 2541 1025 2586 est
1048 2550 1065 2600 3
1095 2548 1223 2604 quae
1251 2529 1490 2603 quidem
1526 2528 1796 2587 carminis
1838 2530 2026 2588 forma
2055 2544 2398 2610 argumento
2432 2554 2602 2609 quam

454 2623 705 2681 maxime
724 2622 998 2698 congruit
1018 2619 1403 2695 pluribusque
1430 2621 1648 2679 facetiis
1669 2621 2057 2682 immiscendis
2081 2625 2436 2682 occasionem
2461 2646 2610 2701 prae-

455 2717 576 2773 het.
608 2714 877 2770 Naevolus
907 2731 1052 2770 vero
1074 2711 1320 2768 draucus
1342 2731 1465 2768 non
1494 2714 1893 2790 solum'poetae
1917 2715 2310 2791 turpissimum
2341 2718 2474 2774 vitae
2492 2737 2606 2775 suae

461 2827 641 2884 genus
668 2817 865 2883 aperte
898 2805 1167 2880 exponit,
1196 2805 1300 2861 sed
1341 2804 1514 2862 etiam
1543 2807 1856 2865 Virronem
1889 2807 2181 2882 pathicum
2207 2807 2303 2883 (v.
2335 2811 2610 2886 40—90)

462 2897 834 2976 ingratissimi
863 2897 1160 2954 insimulat
1180 2895 1383 2968 animi,
1412 2896 1631 2973 quippe
1660 2898 1762 2973 qui
1788 2918 1898 2972 pro
1932 2902 2167 2957 summis
2198 2899 2490 2960 beneficiis
2524 2902 2608 2956 la-

458 2992 821 3064 boribusque
842 2989 999 3045 nulla
1028 2990 1309 3062 rependat
1328 2990 1582 3064 praemia.
1608 2991 1696 3046 Ita
1720 3000 2036 3065 utrumque
2067 2990 2370 3048 homiuum
2399 3010 2579 3066 genus
2594 3033 2609 3061 ,

461 3093 521 3138 et
546 3081 873 3158 paedieoues
898 3089 959 3136 et
984 3079 1190 3137 cinaedi
1206 3124 1227 3155 ,
1261 3082 1540 3138 acerrime
1568 3081 1953 3156 exagitantur.
2325 3089 2332 3100 '

1298 3267 1483 3286 m

555 3419 649 3482 N.
692 3419 768 3485 Β.
815 3419 999 3482 Hanc
1027 3417 1324 3505 inprimis
1353 3435 1734 3509 sextamque
1757 3421 2032 3486 Satiram
2049 3469 2068 3504 ,
2094 3421 2318 3510 quales
2345 3423 2613 3511 ingenio

470 3535 818 3618 conceptas
850 3521 883 3583 J
888 3519 1173 3584 uvenalis
1208 3522 1449 3602 emisit,
1480 3517 1890 3610 interpretari
1919 3523 2268 3590 horrebam
2300 3549 2316 3592 z
2346 3529 2427 3592 de
2481 3553 2615 3618 quo

468 3621 744 3684 crimine
772 3643 989 3708 neque
1016 3619 1517 3702 dissimulande,
1557 3645 1770 3710 neque
1805 3623 2262 3712 defendendO,
2297 3631 2612 3694 nonnulla

470 3719 735 3784 timidus
756 3722 1075 3807 proposui
1097 3721 1163 3783 in
1188 3743 1332 3785 mea
1354 3722 1734 3823 praelatione
1752 3725 1968 3811 primo
1984 3727 2306 3798 volumini
2330 3729 2612 3819 praefixa3

470 3839 615 3910 quae
646 3818 1045 3906 perpendas,
1081 3844 1333 3908 quaeso,
1370 3821 1579 3886 lector
1606 3825 1885 3913 optime,
1927 3843 2002 3891 ut
2034 3829 2090 3892 si
2118 3853 2252 3895 non
2281 3832 2616 3920 ignoscen-

472 3921 663 4002 dam,
706 3923 931 3984 saltem
984 3919 1451 4011 deplorandam
1504 3925 1904 3994 conditionis
1949 3953 2110 3994 meae
2158 3935 2608 3997 necessitatem

468 4023 763 4104 judicare
796 4024 1021 4110 possis.
1114 4023 1235 4090 En.
