3050 4884
867 380 1250 446 SATIRA
1293 381 1929 450 DUODECIMA:
2354 386 2483 452 203

417 495 648 584 Quum
685 494 928 591 plenus
954 496 1168 566 fluctu
1204 495 1462 566 medius
1488 495 1667 566 foret
1693 495 1952 588 alveus,
1984 481 2054 569 et
2071 499 2216 595 jam
2266 517 2285 545 ’
2414 516 2485 572 3ο

319 602 675 676 Alternum
714 607 962 702 puppis
997 605 1170 678 latus
1205 607 1657 677 evertentibus
1691 609 1891 679 undis

319 717 600 786 Arboris
636 719 948 808 incertae,
982 717 1237 790 nullam
1270 717 1633 813 prudentia
1670 721 1821 788 cani

317 827 628 899 Rectoris
669 829 1008 902 conferret
1039 854 1239 926 opem
1255 883 1276 918 ,
1305 829 1613 900 decidere
1639 831 1829 925 jactu

321 937 549 1032 Coepit
582 965 740 1012 cum
768 942 1016 1030 ventis,
1047 941 1346 1014 imitatus
1374 955 1669 1026 castora,
1704 941 1821 1036 qui
1854 965 1921 1012 se

319 1047 734 1118 Eunuchum
767 1050 912 1145 ipse
946 1049 1145 1139 facit,
1177 1051 1458 1146 cupiens
1485 1050 1771 1120 evadere
1796 1050 2050 1120 damno
2410 1063 2475 1119 35

321 1157 640 1231 Testieuli
673 1186 689 1232 z
731 1161 894 1232 adeo
933 1163 1338 1236 medicatum
1379 1159 1695 1255 intelligit
1730 1157 2018 1256 inguen!

317 1268 648 1357 Fundite,
683 1297 833 1366 quae
869 1297 1023 1344 mea
1057 1289 1246 1360 sunt,
1289 1273 1586 1355 dicebat,
1618 1287 1893 1357 cuncta,
1930 1267 2273 1358 CatulluS,

319 1377 753 1475 Praecipitare
787 1381 1020 1476 volens
1057 1382 1266 1454 etiam
1304 1381 1759 1476 pulcherrima
1778 1434 1797 1467 ,
1838 1395 2091 1450 vestem

317 1486 741 1582 Purpuream
757 1545 776 1579 ,
815 1493 1060 1564 teneris
1096 1518 1368 1589 quoque
1399 1494 1890 1564 Maecenatibus
1922 1507 2149 1587 aptam
2165 1543 2189 1581 ‚

319 1597 550 1692 Atque
577 1600 738 1672 alias
755 1655 775 1691 ,
812 1629 1102 1698 quarum
1137 1606 1440 1700 generosi
1469 1604 1791 1700 graminis
1826 1604 2053 1700 ipsum
2415 1628 2481 1677 4ο

320 1707 583 1781 Infecit
616 1727 854 1784 natura
887 1739 1131 1810 pecus,
1170 1714 1289 1785 sed
1324 1730 1390 1785 et
1427 1717 1737 1812 egregius
1772 1713 1925 1784 fons

321 1820 602 1890 Viribus
638 1823 950 1913 occultis,
987 1841 1058 1896 et
1087 1827 1376 1897 Baeticus
1408 1825 1687 1921 adjuvat
1720 1849 1861 1895 aer.

321 1928 452 1999 Ille
477 1958 602 2003 nec
629 1950 986 2030 argentum
1013 1935 1364 2008 dubitabat
1388 1937 1658 2008 mittere
1672 1991 1701 2024 „
1725 1937 1947 2008 lances

322 2040 694 2114 Parthenio
723 2043 969 2133 factas,
999 2069 1186 2116 urnae
1218 2062 1475 2118 cratera
1505 2059 1859 2142 capacem,

321 2153 414 2220 Et
450 2150 730 2246 dignum
766 2157 1038 2226 sitiente
1071 2155 1320 2244 Pholo,
1361 2157 1476 2227 'vel‘
1509 2161 1797 2254 conjuge
1833 2156 2030 2226 Fusci
2072 2181 2089 2225 ε
2420 2172 2485 2238 45

407 2370 506 2430 3ο.
551 2373 750 2443 Quum
768 2384 950 2434 totam
969 2376 1266 2436 interioris
1283 2378 1446 2435 navis
1463 2376 1630 2454 qnasi
1650 2375 1845 2434 alvum
1866 2376 2263 2453 implevissent
2286 2395 2451 2452 aquoe
2466 2417 2485 2448 ,

323 2482 510 2542 quum
526 2465 800 2524 arborem
819 2487 932 2542 qna
949 2471 1250 2528 const-bnt
1267 2471 1406 2527 rutis
1420 2471 1537 2526 huc
1556 2471 1695 2526 illue
1718 2479 1935 2526 temere
1950 2469 2221 2544 jactatam
2236 2509 2255 2541 ,
2278 2468 2491 2526 fluctus

323 2557 508 2617 modo
533 2559 598 2616 in
618 2560 795 2632 hanc,
819 2563 1002 2620 modo
1029 2563 1090 2620 in
1113 2563 1274 2620 illam
1293 2574 1522 2638 partem
1546 2563 1922 2632 inclinarent,
1946 2581 2013 2618 ac
2036 2579 2225 2637 prope
2244 2561 2493 2619 subven-

327 2659 560 2722 terent;
593 2669 772 2727 quum
791 2653 938 2710 nibil
955 2655 1258 2730 prodesset
1273 2656 1394 2729 jam
1421 2655 1663 2712 rectoris
1685 2655 1837 2711 senis
1862 2653 2149 2710 industrie
2164 2694 2181 2722 ,
2212 2654 2489 2724 Catullus,

323 2754 400 2802 ut
418 2763 482 2803 se
501 2746 944 2820 prasentissimo
969 2749 1148 2806 exitio
1180 2748 1488 2821 liberaret,
1514 2749 1676 2805 bona
1702 2748 1767 2803 in
1794 2763 1959 2803 mare
1980 2745 2295 2820 projiciens
2310 2785 2327 2814 ,
2358 2763 2491 2801 cum

324 2836 518 2897 ventis
553 2839 720 2914 quasi
741 2841 955 2915 pacisci
981 2841 1057 2899 de
1076 2841 1200 2898 vita
1229 2841 1433 2916 coepit,
1468 2841 1725 2897 imitatus
1750 2837 1833 2898 sic
1858 2849 2081 2896 castora
2099 2878 2117 2909 ,
2146 2836 2250 2912 qui
2279 2836 2493 2893 volun-

328 2933 484 2990 tario
501 2951 702 2991 morsu
721 2951 781 2992 se
797 2933 986 3009 ipsum
1006 2944 1242 3006 castrat,
1265 2946 1322 2992 et
1345 2936 1675 2992 eunuchum
1692 2931 1887 2991 reddit
1902 2975 1921 3004 ,
1950 2931 2189 3008 cupiens
2211 2931 2459 2988 evadere
2471 2971 2490 3004 ,

327 3025 430 3083 vel
471 3025 686 3084 damno
731 3027 1133 3086 testiculorum
1177 3045 1451 3099 suornm3
1499 3027 1647 3084 adeo
1691 3024 1967 3103 iutelligit
2008 3024 2133 3081 «vim
2186 3023 2493 3081 medicina

327 3117 520 3176 inesse
543 3117 770 3196 inguim
803 3138 942 3191 suo,
977 3121 1058 3177 ob
1088 3121 1251 3196 quod
1271 3123 1462 3180 solum
1479 3141 1541 3179 se
1565 3121 1887 3178 lacessitum
1916 3117 2105 3178 sentit.
2140 3119 2263 3174 Nec
2294 3135 2493 3189 mora,

327 3210 642 3274 inclamans
663 3223 892 3284 nautam
921 3213 1126 3283 «Quid
1149 3213 1380 3270 cessatis
1393 3213 1652 3289 ,inquit,
1676 3231 1802 3270 mea
1828 3212 2021 3269 omnin
2045 3211 2108 3266 in
2132 3229 2335 3286 aequor
2346 3229 2496 3285 prae-

328 3301 649 3378 cipitareil»
623 3307 914 3380 »Jamque
937 3323 1000 3362 se
1027 3305 1104 3362 ad
1126 3305 1545 3381 supellectilem
1566 3305 1970 3365 lautissimam'
1952 3325 2017 3361 ιιι
2036 3321 2225 3377 aequas
2251 3314 2495 3377 protur-

325 3396 584 3455 hundam
617 3398 980 3475 accingebat,
1019 3411 1160 3474 putu
1207 3419 1528 3475 purpureas
1554 3409 1777 3470 vestes,
1818 3415 1968 3473 quas
1998 3399 2279 3452 Maeconas
2312 3404 2369 3449 et
2396 3393 2497 3451 alii

329 3487 670 3547 deliciarum
705 3501 960 3548 amantes
993 3509 1118 3550 non
1151 3493 1560 3568 respuissent:
1598 3493 1855 3565 itemque
1896 3488 2033 3546 alias
2074 3498 2259 3542 textas
2301 3505 2332 3542 e
2368 3487 2497 3544 lana

331 3579 580 3654 Baetica,
605 3583 701 3640 cui
719 3583 892 3641 etium
912 3582 1123 3642 ovibus
1144 3585 1448 3644 inhaerenti
1469 3585 1713 3644 rutilum
1736 3585 1994 3641 colorem
2014 3579 2229 3638 indidit
2254 3592 2488 3652 natura,

333 3682 393 3730 et
425 3673 654 3733 indoles
690 3675 1008 3737 herbarum
1045 3677 1260 3752 quibus
1293 3697 1434 3736 oves
1467 3677 1685 3733 Baeticae
1718 3683 2059 3751 pascuntur,
2108 3691 2339 3729 necnon
2372 3673 2501 3748 ipse

333 3765 546 3828 fluvius
575 3780 636 3825 et
661 3787 763 3826 aer
787 3769 942 3827 illius
969 3770 1257 3846 regionis,
1288 3770 1408 3828 vim
1433 3781 1685 3845 uterque
1713 3785 1979 3825 arcanam
2008 3757 2225 3823 habens
2256 3765 2331 3822 ad
2360 3765 2497 3822 infi-

333 3859 566 3919 ciendas
596 3861 712 3919 isto
739 3863 940 3920 colore
971 3864 1146 3920 lanas.
1189 3865 1438 3940 Insuper
1467 3865 1727 3920 Catullus
1758 3871 2029 3938 argentea
2066 3879 2201 3917 vasa
2237 3861 2297 3916 in
2337 3878 2503 3916 mare

333 3950 586 4027 dejicere
613 3972 758 4010 -uon
801 3953 1136 4026 dubitabat3
1181 3955 1402 4032 patinas
1445 3977 1479 4012 a
1518 3953 1830 4012 Parthenio
1869 3953 2207 4024 fabricatam
2260 3953 2506 4028 cyathos.

333 4061 496 4102 urnae
522 4045 650 4103 vini
669 4046 960 4124 capienda
979 4065 1103 4105 uon
1123 4047 1404 4123 impares,
1431 4047 1653 4124 dignos-
1666 4046 1727 4102 in
1750 4045 1964 4120 quibus
1986 4044 2201 4102 Pholus
2226 4045 2319 4099 vel
2344 4061 2505 4098 uxor

333 4139 508 4200 Fusci
541 4147 811 4216 potaret3
843 4157 980 4198 vasa
1007 4139 1278 4217 Anglica,
1325 4159 1464 4217 quas
1500 4149 1715 4198 vocant
1746 4138 2055 4196 bascaudas
2073 4157 2093 4211 5
2136 4137 2329 4198 lances
2366 4135 2503 4212 plu·
