3050 4884
798 410 1160 476 SATIRA
1203 411 1595 476 DECIMA
1640 409 2034 478 TERTIA.
2352 415 2483 498 249

351 526 761 615 Contentum,
796 551 1038 597 vexare
1067 527 1300 596 oculos
1329 530 1621 599 humore
1652 545 1885 599 coacto
1916 556 1933 598 ε

353 637 668 710 Ploratur
698 639 1013 736 lacrymis
1045 640 1281 709 amissa
1309 641 1599 736 pecunia
1624 643 1822 711 veris·

446 750 572 820 Sed
602 751 655 819 si
687 747 1140 820 cuncta-vides
1163 747 1366 819 simili
1393 747 1543 820 fora
1570 749 1767 846 plena
1792 750 2066 846 querela
2082 807 2101 841 ‚
2398 771 2499 827 135

352 857 458 944 Si,
485 857 704 928 decies
731 858 918 929 lectis
943 860 1206 928 diversa
1231 875 1422 954 parte
1445 861 1701 931 tabellis
1717 915 1737 951 ‚

353 967 544 1035 Vana
567 969 968 1064 supervacui
1000 968 1242 1038 dicunt
1267 970 1717 1065 chirographa
1743 971 1944 1067 ligni,

353 1079 594 1173 Arguit
619 1081 918 1174 ipsorum
947 1105 1116 1175 quos
1141 1078 1336 1149 litera
1362 1106 1759 1177 gemmaque
1781 1084 2094 1178 princeps

354 1189 858 1286 Sardonychas,
893 1191 1128 1260 loculis
1155 1216 1305 1285 quae
1332 1192 1710 1262 custoditur
1736 1192 2055 1260 eburnis:

354 1299 542 1386 Ten',
579 1325 622 1368 o
650 1297 944 1370 delicias!
977 1315 1165 1370 extra
1197 1302 1585 1371 communia
1616 1325 1843 1371 censes
2404 1326 2502 1384 140

357 1409 798 1478 Ponendum?
823 1410 940 1505 qui
967 1425 1042 1479 tu
1071 1408 1330 1505 gallinae
1357 1411 1536 1479 filius
1564 1411 1731 1481 albae
1748 1465 1770 1497 ‚

355 1519 499 1590 Nos
524 1517 686 1589 viles
713 1519 880 1614 pulli
905 1522 1045 1590 nati
1074 1517 1454 1589 infelicibus
1481 1518 1675 1588 ovis?

449 1633 620 1698 Rem
652 1631 896 1724 pateris
925 1629 1262 1700 modicam
1293 1646 1361 1699 et
1387 1631 1711 1700 mediocri
1742 1629 1876 1700 bile
1909 1630 2281 1722 ferendam,

341 1741 430 1810 -Si
465 1739 690 1810 flectas
723 1741 957 1811 oculos
985 1742 1248 1835 majora
1281 1741 1367 1810 ad
1401 1741 1687 1810 crimina
1720 1767 1736 1810 :
1780 1740 2018 1811 confer

355 1849 784 1920 Conductum
811 1849 1143 1921 latronem
1161 1904 1180 1938 ,
1207 1850 1520 1920 incendia
1546 1841 1869 1944 sulphure
1897 1867 2119 1946 coepta
2402 1871 2497 1934 145

355 1960 576 2053 Atque
602 1958 797 2050 dolo,
827 1963 1082 2058 primos
1108 1986 1318 2057 quum
1340 1961 1551 2054 janua
1581 1960 1833 2056 colligit
1867 1963 2094 2057 ignes;

353 2066 606 2138 Confer
634 2082 702 2138 et
731 2068 886 2158 hos,
912 2070 1160 2141 veteris
1182 2073 1300 2165 qui
1323 2069 1574 2142 tollunt
1598 2071 1885 2167 grandia
1914 2071 2144 2166 templi

353 2177 602 2250 Pocula
628 2179 986 2253 adorandae
1012 2181 1373 2278 robiginis,
1403 2197 1468 2252 et
1505 2183 1916 2278 populorum

348 2396 556 2458 levita
583 2399 752 2458 scissa
767 2441 786 2472 ,
817 2419 942 2458 non
965 2402 1236 2478 lacrymis
1258 2419 1366 2476 per
1386 2401 1508 2457 vim
1534 2401 1812 2472 extortis3
1842 2410 1902 2457 at
1922 2419 1993 2458 ex
2014 2399 2209 2457 animo
2231 2399 2497 2476 deplora·

351 2497 476 2562 tui-5
503 2502 563 2564 et
587 2492 744 2550 oculi
765 2503 972 2568 sponte
995 2510 1164 2551 veras
1191 2493 1502 2550 effundunt
1531 2495 1830 2570 lacrymas.

435 2580 568 2640 13⁵.
611 2584 729 2642 sed
761 2585 811 2641 si
839 2585 1097 2661 reperire
1129 2595 1216 2642 est
1247 2584 1312 2641 in
1345 2586 1478 2642 foro
1499 2586 1792 2662 quoslibet
1822 2583 2087 2642 homines
2108 2584 2183 2640 de
2214 2583 2499 2657 ejusmodi

354 2675 664 2733 sceleribus
686 2687 745 2734 et
767 2675 993 2735 damnis
1027 2687 1476 2752 conquerentes,
1507 2676 1559 2733 si
1589 2677 1883 2734 debitores
1912 2695 2059 2750 quos
2097 2693 2197 2730 sua
2236 2673 2497 2748 ipsorum

351 2783 558 2823 manns
583 2779 644 2824 et
665 2768 982 2845 scriptun,
1018 2787 1168 2844 quos
1195 2769 1424 2846 signnm
1447 2770 1665 2825 annulo
1686 2781 1745 2825 et
1772 2768 1961 2825 nobili
1989 2785 2211 2843 gemma
2243 2767 2495 2842 impres-

351 2875 478 2916 sum
495 2860 794 2916 convincit
811 2861 1064 2935 aliquam
1087 2861 1470 2936 syngrapham
1487 2860 1562 2915 ab
1588 2859 1727 2935 ipsis
1754 2859 2028 2935 scriptam
2048 2869 2106 2914 et
2138 2857 2496 2935 obsignatam

349 2949 523 3008 fuisse
540 2991 558 3016 ‚
586 2950 966 3008 nihilominus
995 2952 1109 3009 hoc
1133 2961 1456 3028 pernegant
1475 2993 1492 3022 ,
1530 2963 1590 3009 et
1621 2951 2014 3009 adulterinum
2040 2967 2159 3008 esse
2192 2951 2494 3029 chirogra-

349 3043 536 3118 phum
557 3041 876 3118 falsumque
900 3043 1195 3100 clamitant
1211 3082 1229 3113 ,
1255 3041 1394 3097 lieet
1417 3041 1515 3098 illa
1542 3042 1869 3118 syngrapha
1899 3040 2089 3099 decies
2112 3041 2345 3100 recitata
2366 3043 2495 3100 fue-

350 3134 432 3190 rit
451 3135 670 3210 palam5
692 3134 867 3192 variis
889 3134 952 3192 in
971 3133 1115 3192 locis
1134 3175 1150 3204 ,
1171 3144 1232 3192 et
1251 3151 1444 3190 coram
1468 3133 1713 3190 diversis
1737 3132 2011 3205 testibus;
2032 3135 2203 3192 valde
2230 3134 2494 3211 profecto

351 3225 625 3284 delicatus
644 3245 702 3285 es
717 3248 736 3298 3
752 3227 802 3284 si
826 3237 994 3302 putas
1018 3237 1076 3283 te
1098 3245 1168 3284 ex
1188 3225 1490 3282 hominum
1511 3243 1690 3302 grege
1715 3226 2011 3286 communi
2025 3267 2042 3297 ,
2077 3238 2133 3284 et
2154 3227 2375 3284 usitatis
2398 3247 2493 3284 ca-

349 3317 506 3374 sibus
529 3317 897 3376 eximendnm
913 3359 930 3389 ,
959 3316 1121 3392 quasi
1143 3316 1368 3394 galline
1389 3315 1559 3387 albae,
1584 3325 1651 3372 ut
1670 3317 1943 3392 paroemia
1965 3317 2079 3374 sert
2093 3358 2111 3389 ,
2134 3337 2280 3374 esses
2298 3317 2490 3389 filius3

348 3410 509 3485 quasi
529 3411 708 3468 ceteri
733 3429 854 3487 Ρη
881 3421 937 3468 te
957 3429 1078 3471 uno
1099 3409 1242 3467 viles
1268 3421 1328 3467 et
1349 3408 1763 3467 contemnendi
1790 3410 1989 3468 forent
2006 3409 2183 3484 pulli,
2214 3419 2489 3486 tanquam

349 3503 474 3561 ovis
496 3501 739 3560 sinistrae
747 3503 1014 3561 “volucris
1041 3503 1180 3559 nati.

430 3594 562 3662 143.
603 3595 670 3653 Si
703 3596 1000 3673 graviores
1015 3637 1030 3666 ‚
1079 3596 1290 3672 quihus
1325 3596 1425 3655 alii
1453 3595 1721 3671 quotidie
1748 3593 2082 3652 afficiuntur
2096 3633 2112 3661 ‚
2144 3593 2491 3653 calamitates

346 3688 638 3764 expendas
656 3730 673 3759 ,
697 3690 824 3746 leve
851 3687 1000 3746 illud
1029 3699 1193 3745 tunm
1223 3689 1488 3764 profecto
1507 3689 1784 3746 damnum
1802 3703 1922 3744 esse
1938 3685 2252 3762 intelliges,
2284 3705 2391 3745 nec
2416 3689 2493 3747 ad

343 3793 560 3840 tantam
589 3782 765 3840 bilem
789 3782 1147 3840 excitandam
1169 3796 1384 3860 aptum.
1429 3785 1717 3858 Compara
1731 3821 1749 3851 ,
1775 3780 1973 3850 sodes,
2004 3795 2135 3835 cum
2166 3779 2490 3839 infortunio

341 3885 472 3947 tuo,
487 3876 794 3934 latrocinia
811 3895 940 3952 qnae
955 3875 1107 3935 flunt
1123 3879 1198 3934 ab
1217 3876 1516 3934 conductis
1536 3873 1780 3952 pecunia
1794 3871 2172 3947 praedonibus
2190 3894 2204 3928 ε
2224 3873 2491 3930 incendia

345 3965 658 4026 domorum
675 4007 694 4040 ,
727 3968 964 4043 qnando
989 3970 1136 4026 clam
1162 3970 1407 4044 sulphur
1428 3979 1486 4025 et
1513 3967 1623 4025 alia
1654 3965 1718 4022 id
1749 3983 1931 4042 genus
1956 3965 2104 4041 ignis
2137 3965 2491 4024 irritamenta

341 4077 448 4135 per
470 4061 673 4118 dolum
695 4060 918 4119 foribus
929 4061 1344 4120 admoventur:
1366 4061 1571 4118 confer
1585 4056 1899 4135 sacrilegia,
1922 4077 2099 4133 quum
2114 4057 2295 4134 impio
2322 4059 2484 4114 furto

343 4153 748 4230 abripiuntur
779 4171 914 4210 vasa
941 4153 1020 4212 ob
1045 4163 1383 4214 vetustatem
1412 4171 1577 4212 sacro
1600 4150 1856 4231 quodam
1885 4151 2111 4212 honore
2138 4149 2313 4228 digna
2326 4190 2344 4222 ,
2378 4151 2491 4208 do-
