3050 4884
479 339 567 413 42
800 342 1152 408 VARIAE
1194 342 1788 418 LECTIONES
1835 342 1968 408 ET
2013 343 2325 410 NOTAE

478 454 731 505 Iabn‘ce'us
760 457 945 508 Censor
964 469 1131 522 nocet,
1150 455 1262 508 hoc
1283 467 1389 521 est,
1414 473 1534 526 quae
1560 455 1669 507 sint
1689 453 1877 508 decem
1899 454 2086 526 pondo
2103 468 2158 508 et
2175 456 2423 528 amplius.
2449 455 2511 508 C.
2533 451 2640 508 Fu-

478 537 685 592 bricius
705 527 971 594 Luscinus
990 559 1181 596 censor
1200 559 1347 594 anno
1365 542 1486 610 478.
1511 542 1572 594 P.
1599 541 1916 594 Cornelium
1941 541 2227 606 Rufinum,
2251 542 2337 595 bis
2360 541 2647 594 consulatu

478 632 533 672 et
552 619 824 676 dictatura
845 624 1121 690 functum,
1144 636 1333 678 senatu
1356 624 1527 678 movit
1542 624 1615 676 ob
1632 624 1860 678 luxuriae
1879 637 2095 689 notam,
2118 624 2268 698 quod
2291 643 2454 678 coenae
2473 624 2650 719 gratia

480 703 671 760 decem
694 707 881 780 pondo
910 709 1119 780 argenti
1154 709 1283 762 facti
1315 707 1596 761 haberet-¹
1630 710 1824 760 Notat-e
1847 719 1902 762 et
1929 723 2082 772 noca,
2114 710 2386 764 vocabula
2419 707 2649 781 propria

486 787 557 842 de
582 793 829 848 censoria
850 792 1150 864 ignominia
1176 810 1240 846 ac
1264 809 1447 864 poena.

556 936 1205 1000 Van.142.Ee,15.—·
1241 936 1511 998 Fabricius,
1551 947 1649 1001 24,
1686 940 1786 998 60,
1818 937 1918 998 65,
1943 935 2246 998 vid.ad11‚
2278 939 2394 1021 154.
2425 963 2498 975 —-
2537 936 2646 984 No·

486 1023 714 1077 tae,15.

556 1115 701 1168 Nor.
746 1123 861 1179 142.
900 1123 1011 1168 Duo
1013 1115 1413 1186 fortes‚robust1
1434 1115 1576 1168 servi
1595 1114 1884 1180 lecticarii,
1907 1118 1971 1166 de
1984 1133 2139 1183 grege
2161 1119 2422 1166 Moesomm
2435 1153 2448 1178 ,
2467 1131 2654 1169 servo-

486 1215 609 1248 rum
628 1235 643 1262 ,
671 1217 738 1251 ex
760 1201 953 1252 Moesia
973 1199 1174 1268 (hodie
1197 1200 1449 1271 Bulgaria
1468 1211 1523 1252 et
1541 1198 1761 1270 Servia)
1786 1199 2016 1251 Romam
2038 1195 2412 1262 advectorum3
2436 1214 2564 1248 nam
2587 1215 2656 1249 ex

490 1279 707 1344 Moesia,
736 1282 1121 1354 Cappadocia,
1148 1284 1402 1357 Bithynia
1434 1295 1493 1336 et
1524 1283 1682 1356 Syria
1714 1283 1978 1354 gregatim
2008 1281 2378 1334 afferebantur
2408 1281 2656 1345 venales;

488 1361 604 1416 vid.
644 1365 905 1437 B6ttigeri
940 1366 1165 1430 Sabina,
1201 1385 1326 1438 pag.
1361 1374 1465 1433 429
1502 1379 1558 1420 et
1592 1372 1695 1430 444
1736 1385 1847 1438 seq.
1883 1368 2055 1428 Masi,
2089 1365 2197 1418 hoc
2223 1365 2380 1427 loce,
2413 1375 2476 1415 ut
2509 1365 2656 1430 Syri,

498 1448 815 1514 Cappadoces
839 1489 854 1513 ,
886 1462 988 1503 etc.
1014 1447 1163 1522 apud
1190 1451 1433 1504 Martial.
1466 1451 1583 1510 lx.
1615 1449 1709 1515 23,
1745 1469 1807 1518 93
1839 1451 1982 1503 Pers.
2017 1450 2130 1510 vt,
2163 1467 2250 1518 77,
2284 1449 2355 1500 al.
2389 1447 2502 1500 Cur
2521 1465 2654 1500 vero

494 1529 594 1578 duo
618 1541 829 1583 tantum
864 1532 1045 1586 servi?
1068 1530 1317 1586 Modesto
1354 1546 1525 1606 optat.
1551 1531 1660 1587 Sed
1683 1531 1811 1587 vide
1838 1531 1910 1585 ad
1939 1535 1994 1599 1,
2027 1535 2118 1595 64.

564 1674 701 1722 Van.
745 1676 861 1733 143.
899 1677 1199 1736 Messonaem,
1230 1693 1311 1738 11,
1342 1679 1423 1733 15.
1456 1694 1549 1742 19,
1581 1694 1644 1727 aa
1663 1713 1678 1737 ,
1697 1681 1764 1726 23
1783 1713 1798 1737 ,
1823 1688 1906 1735 24.
1931 1677 2276 1736 umerorum,
2312 1691 2405 1737 27,
2429 1683 2514 1736 47.
2539 1675 2657 1735 My-

492 1772 657 1804 sorum
680 1758 869 1806 Calder.
888 1759 1057 1807 nescio
1074 1775 1169 1823 qun
1197 1762 1498 1812 auctoritate.
1526 1761 1785 1809 Medorum
1800 1796 1815 1821 ,
1840 1777 1920 1821 11,
1949 1761 2002 1808 in
2029 1777 2181 1824 marg.
2213 1760 2304 1818 16,
2329 1760 2419 1820 18,
2447 1758 2535 1819 45,
2558 1759 2656 1818 46,

498 1847 565 1903 49
580 1874 595 1898 ,
616 1840 703 1900 55,
725 1841 817 1901 58;
843 1841 943 1891 vid.
964 1859 1112 1907 supra
1136 1843 1198 1891 ad
1215 1845 1334 1903 vn,
1365 1847 1461 1892 132
1479 1882 1494 1906 ,
1520 1854 1570 1891 et
1596 1844 1807 1893 Pontani
1831 1843 2066 1892 Analecta
2081 1879 2095 1904 ,
2118 1846 2170 1890 11
2185 1877 2200 1902 ,
2229 1860 2251 1890 1
2266 1858 2311 1889 1.
2338 1869 2410 1880 —
2434 1843 2562 1890 Mox
2580 1841 2656 1888 lo-

498 1921 717 1986 gendum
736 1924 1064 1973 crediderim:
1089 1924 1181 1990 qui
1196 1943 1275 1974 me
1295 1924 1316 1991 (
1334 1925 1421 1992 in)
1444 1927 1631 1975 cervice
1656 1926 1900 1989 locantes,
1917 1927 2016 1974 hoc
2042 1937 2114 1974 est
2129 1963 2144 1988 ,
2165 1934 2426 1990 ponentes.

568 2013 710 2068 Nor.
756 2015 874 2078 143.
918 2019 1111 2068 Cer-vice
1134 2022 1297 2072 locata
1312 2058 1327 2080 ‚
1348 2037 1461 2072 non
1482 2017 1754 2073 conducta
1766 2018 1899 2084 „sed
1923 2021 2024 2072 sub
2046 2039 2131 2080 me
2152 2018 2332 2071 locata
2347 2057 2363 2081 ‚
2383 2015 2665 2089 supposita

497 2097 701 2150 lecticae
720 2100 929 2153 sellaeve
956 2100 1217 2165 ferendae,
1234 2103 1323 2155 vel
1348 2102 1758 2157 accommodata
1781 2104 1943 2169 mihi,
1972 2104 2028 2155 in
2049 2121 2206 2154 usum
2229 2119 2423 2154 meum.
2446 2097 2554 2153 sed
2572 2099 2662 2150 has

496 2199 716 2253 quoque
740 2183 976 2237 rationes
993 2182 1143 2238 durae
1162 2198 1303 2238 sunt.
1327 2186 1486 2240 Conf.
1506 2186 1640 2240 Var.
1659 2190 1949 2241 Lect.—In
1966 2187 2053 2239 his
2074 2199 2246 2258 poetae
2263 2185 2441 2238 verbis
2459 2185 2663 2236 haerere
2733 2197 2740 2206 ·

494 2267 738 2338 potuisse
759 2269 892 2323 clar.
924 2272 1224 2342 Rupertum
1257 2271 1485 2324 miratur
1506 2271 1654 2324 doct.
1685 2276 1947 2338 Cmmmer,
1974 2271 2177 2324 nedum
2199 2269 2451 2323 admittat
2469 2307 2484 2334 ,
2508 2265 2662 2340 quod

498 2351 593 2406 ille
614 2353 850 2425 conjecit
871 2357 891 2423 (
911 2356 961 2404 in
981 2357 1001 2422 )
1024 2357 1207 2406 cervice
1238 2359 1475 2407 locantes.
1502 2357 1646 2410 Nam
1673 2357 1725 2408 N
1729 2357 1928 2409 aevolus
1959 2354 2202 2408 modeste
2232 2367 2356 2406 vota
2379 2351 2634 2424 exprimit
2647 2371 2666 2418 ;

499 2449 654 2508 optat
690 2456 801 2490 non
834 2439 952 2491 auri
992 2457 1145 2503 vasa,
1174 2437 1271 2492 sed
1303 2443 1499 2508 argenti
1522 2443 1739 2490 vascula
1760 2477 1775 2502 ,
1804 2451 1858 2492 et
1895 2437 2007 2492 duo
2041 2451 2255 2491 tantum
2286 2434 2664 2489 cathedrarios

498 2539 699 2592 eosque
725 2520 1050 2586 conductore,
1072 2535 1126 2574 et
1150 2523 1245 2594 qui
1265 2526 1425 2574 locent
1454 2522 1558 2594 ipsi
1585 2523 1820 2576 cervices
1846 2541 1985 2575 suas.
2017 2521 2215 2574 Nescio
2243 2539 2312 2572 an
2335 2520 2452 2571 haec
2485 2518 2662 2570 omni·

501 2605 605 2658 bus
627 2606 967 2660 satisfaciant
987 2626 1000 2660 :
1020 2607 1156 2660 mihi
1180 2606 1401 2678 quidem
1424 2606 1606 2660 nodus
1637 2607 1715 2660 sic
1743 2607 1938 2660 melius
1971 2607 2110 2658 solvi
2141 2604 2373 2659 videtur.
2409 2607 2514 2658 En.

571 2702 711 2756 Nor.
756 2708 875 2766 144.
913 2705 981 2756 In
1017 2703 1161 2756 sellis
1186 2703 1419 2758 Romani
1446 2721 1560 2755 non
1590 2700 1757 2755 modo
1797 2701 2178 2755 deferebantur
2203 2701 2260 2754 in
2291 2703 2472 2752 circum
2493 2701 2582 2754 vel
2603 2700 2662 2752 in

500 2785 770 2839 theatrum
788 2827 803 2850 ,
836 2787 934 2841 sed
959 2789 1018 2840 in
1047 2787 1112 2839 iis
1141 2805 1357 2858 quoque
1387 2785 1468 2838 ibi
1500 2785 1877 2858 persedebant.
1894 2795 1917 2820 ²
1955 2815 2026 2826 -—
2063 2791 2295 2854 Securum
2325 2803 2358 2837 a
2387 2785 2548 2836 turba
2569 2803 2666 2836 ur-

502 2883 658 2941 gente
673 2910 688 2936 ,
708 2871 796 2925 vel
816 2870 1008 2944 quovis
1035 2869 1279 2942 periculo
1296 2911 1311 2934 ,
1333 2866 1483 2940 quod
1506 2873 1774 2938 deeosortes
1795 2869 2140 2941 propulsant.
2161 2899 2233 2910 --
2253 2872 2392 2921 Circo
2411 2873 2630 2921 clamoso
2647 2907 2666 2933 ‚

500 2967 727 3026 propter
762 2955 1051 3008 clamorem
1085 2966 1140 3007 et
1173 2955 1396 3025 plausus
1436 2953 1658 3024 populi,
1695 2965 1758 3004 ut
1792 2971 1971 3003 raucus
2005 2954 2186 3017 circus,
2221 2953 2364 3004 VIII
2383 2989 2402 3016 ,
2437 2952 2504 3020 59
2525 2991 2540 3015 ,
2565 2951 2666 3004 ubi

504 3035 631 3090 vide
657 3051 862 3091 notam.

573 3183 709 3231 Vnt.
752 3185 869 3240 145.
904 3181 979 3230 Sic
1001 3181 1119 3240 tibi,
1152 3198 1237 3230 ar.
1264 3209 1335 3220 ·-
1369 3182 1586 3231 Caelacor
1605 3189 1811 3242 curvus,
1840 3197 1924 3230 aa.
1952 3182 2130 3230 Torvus
2152 3183 2367 3242 cet-lator,
2392 3183 2473 3231 ιδ.
2495 3183 2666 3229 Servus

506 3265 698 3312 celator
713 3265 789 3313 vel
812 3267 1025 3326 caelator,
1052 3282 1075 3313 1
1090 3281 1130 3324 1,
1152 3267 1279 3312 forte
1298 3275 1346 3312 et
1370 3281 1414 3313 1.
1432 3266 1562 3314 Nam
1581 3275 1722 3312 vetus
1737 3265 1901 3314 Schol.
1924 3275 2030 3315 est:
2054 3287 2077 3308 α
2091 3264 2294 3331 opifices
2306 3300 2321 3326 ,
2343 3265 2476 3312 servi
2494 3280 2668 3330 argen-

508 3349 646 3407 tarii,
664 3349 933 3411 laboriosi,
952 3349 1314 3414 anaglypharii.
1336 3369 1362 3390 ν·

580 3444 721 3496 Nor.
765 3443 861 3506 145
878 3482 896 3505 ‚
946 3447 1065 3506 146.
1105 3444 1342 3514 Operam
1374 3441 1513 3494 mihi
1556 3453 1811 3513 proestent
1849 3441 2083 3496 artifices
2127 3441 2458 3513 domumque
2491 3458 2668 3493 meam

509 3540 769 3580 exornent
784 3528 926 3581 vasis
951 3528 1159 3580 affabre
1184 3527 1385 3579 caelatis
1406 3526 1493 3580 vel
1512 3526 1752 3597 plasticis
1772 3525 2035 3580 artificiis.
2051 3529 2345 3578 ——Coelator
2361 3523 2666 3596 sigillorum

512 3610 651 3666 vasis
674 3623 787 3664 arte
817 3610 1223 3684 illigandorum.
1258 3613 1466 3673 Curvus,
1500 3610 1837 3674 incurvatus,
1871 3609 2121 3664 assiduus
2145 3611 2204 3663 in
2229 3611 2404 3664 multo
2440 3608 2630 3662 labore
2649 3647 2664 3674 ,

1350 3765 1817 3784 mmmmm

587 3891 605 3916 ¹
646 3889 720 3935 Ita
741 3887 869 3936 Gen.
890 3889 979 3949 IV,
1003 3889 1035 3934 8
1056 3886 1077 3953 (
1101 3887 1191 3935 uhi
1208 3887 1322 3934 vide
1344 3885 1546 3952 intpp.)
1634 3885 1894 3944 xxxm,
1929 3899 1989 3946 9,
2026 3897 2116 3931 seu
2154 3881 2218 3938 54
2257 3891 2306 3929 et
2346 3879 2486 3946 Pigh.
2527 3879 2668 3927 Anu.

518 3967 689 4026 XVII,
708 3983 769 4015 21
794 3966 991 4026 ;Valer.
1011 3968 1147 4015 Max.
1162 3969 1214 4014 11
1229 4001 1243 4025 ,
1264 3983 1325 4030 9;
1340 3966 1544 4014 Tertull.
1633 3977 1756 4016 tom.
1783 3968 1834 4025 1,
1856 3981 1969 4028 pag.
1999 3970 2120 4020 440.

516 4045 726 4112 Apolog.
751 4063 860 4111 cap.
888 4048 952 4105 6;
974 4049 1145 4096 Senec-
1168 4047 1271 4096 Vit.
1298 4049 1430 4096 Beat.
1459 4061 1546 4106 21;
1709 4051 1730 4076 ²
1766 4043 1898 4092 Vide
1915 4043 2048 4109 Lips.
2063 4043 2212 4090 Elect-
2233 4045 2277 4102 1,
2297 4057 2378 4106 19,
2397 4051 2445 4088 et
2465 4039 2528 4088 de
2547 4041 2668 4089 Am-

517 4126 761 4176 Plutarch.
800 4127 856 4175 in
891 4127 1036 4192 sylla.
1083 4127 1265 4177 Confer
1305 4127 1548 4186 Plinium,
1637 4125 1764 4190 phil.
1785 4141 1892 4189 cap.
1927 4139 1946 4170 ι
1959 4127 2006 4174 3.
