3050 4884
550 340 679 405 208
1154 340 1239 403 D.
1287 338 1562 405 JUNII
1605 340 2162 407 JUVENALIS

542 458 633 523 Et
662 454 857 524 eadat
880 467 1042 523 ante
1071 450 1239 521 lares
1268 450 1565 537 Gallitae,
1603 455 1876 523 victima
1903 453 2046 523 sola

542 566 775 633 Tantis
801 564 1007 659 digna
1034 564 1206 650 deis,
1238 578 1305 631 et
1332 564 1786 663 captatoribus
1813 566 2082 637 horum.

541 676 728 745 Alter
752 678 931 745 enim
947 728 966 761 ,
998 676 1053 744 si
1078 672 1403 743 concedas
1426 688 1750 762 mactare,
1780 676 2048 745 vovebit
2587 710 2611 745 1
2627 691 2690 746 15

540 790 879 882 Deegrege
914 810 1259 855 servorum
1298 809 1546 881 magna
1576 799 1694 852 aut
1731 783 2186 878 pulcherrima
2219 810 2502 881 quaeque

540 900 880 991 Corpora3
922 895 1025 965 vel
1064 896 1292 990 pueris
1323 910 1391 963 et
1424 894 1765 963 frontibus
1795 894 2192 965 ancillarum
2285 945 2288 949 ι

538 1013 854 1103 Imponet
877 1008 1111 1093 vittas3
1141 1020 1209 1076 et
1224 1058 1243 1091 ,
1274 1008 1329 1075 si
1352 1030 1489 1099 qua
1514 1020 1617 1075 est
1644 1004 1890 1075 nubilis
1913 1004 2010 1073 illi

538 1120 894 1214 Iphigenia
922 1117 1141 1203 domi,
1178 1116 1365 1185 dabit
1400 1115 1576 1184 hanc
1615 1113 1970 1203 altaribus,
2005 1116 2128 1185 etsi

538 1232 699 1301 Non
725 1243 944 1324 sperat
971 1226 1241 1320 tragicae
1269 1226 1520 1295 furtiva
1547 1223 1810 1319 piacula
1837 1250 2074 1295 cervae.
2589 1252 2694 1289 no

536 1338 776 1408 Laudo
808 1362 1032 1406 meum
1066 1336 1323 1423 civem,
1354 1360 1477 1403 nec
1510 1358 1832 1428 comparo
1863 1346 2253 1403 testamento

537 1447 724 1517 Mille
757 1462 929 1517 rates
966 1473 982 1515 ε
1014 1471 1172 1514 nam
1202 1447 1255 1514 si
1282 1446 1650 1514 Libitinam
1676 1446 1964 1513 evaserit
1986 1468 2192 1539 aeger‚

536 1556 801 1637 Delebit
826 1554 1118 1643 tabulas,
1150 1553 1445 1625 inclusus
1478 1581 1749 1627 carcere
1778 1580 2017 1643 nassae,

535 1672 695 1739 Post
730 1669 1044 1736 meritum
1077 1690 1237 1735 sane
1272 1666 1692 1751 mirandum,
1722 1682 1924 1760 atque
1958 1667 2186 1736 omnia
2221 1662 2342 1735 soli

472 1790 479 1797 ’
533 1786 786 1851 Forsan
811 1778 1104 1849 Pacuvio
1134 1776 1433 1846 breviter
1464 1776 1694 1845 dabit:
1730 1775 1841 1845 ille
1877 1778 2203 1871 superbus
2583 1792 2684 1847 125

531 1891 813 1961 Incedet
840 1890 1035 1959 victis
1064 1883 1381 1955 rivalibus
1412 1912 1428 1954 ε
1459 1910 1622 1980 ergo
1655 1886 1874 1975 vides,
1910 1914 2142 1982 quam,

534 2000 814 2071 Grande
846 2024 1071 2094 operae
1104 1998 1395 2090 pretium
1424 1996 1628 2067 faciat
1649 1998 1960 2094 jugulata
1990 1998 2316 2095 MyceniS.

530 2253 713 2311 salute
750 2255 923 2308 unius
964 2250 1316 2308 mulierculae
1358 2252 1584 2309 Gallitae
1611 2250 1827 2310 offerre
1862 2251 1973 2308 diis
2007 2250 2185 2327 ipsius
2223 2248 2526 2326 penatibus
2543 2288 2560 2317 ,
2585 2246 2682 2305 di-

528 2365 671 2423 gnas
700 2345 889 2403 solum
919 2343 1255 2400 numinibus
1285 2344 1549 2401 victimas
1567 2387 1584 2415 ,
1639 2344 1840 2421 dignas
1870 2364 2072 2401 eorum
2107 2345 2306 2401 astutis
2337 2342 2680 2399 cultoribus.

530 2440 693 2511 Quin
719 2439 892 2498 etiam
918 2437 1033 2495 erit
1054 2458 1127 2495 ex
1150 2436 1219 2495 iis
1241 2437 1665 2513 captatoribus,
1705 2438 1809 2514 qui
1824 2480 1842 2509 ,
1877 2438 1927 2495 si
1957 2439 2130 2496 detur
2151 2440 2272 2495 haec
2297 2437 2408 2511 ipsi
2446 2438 2684 2493 facultas

432 2600 443 2609 ⁵
528 2546 587 2591 et
617 2534 783 2591 venia
802 2574 821 2603 ,
860 2531 1081 2607 superis
1114 2530 1355 2588 vovebit
1384 2531 1724 2589 lectissimos
1759 2550 1792 2588 e
1825 2532 1942 2589 suis
1971 2532 2216 2602 famulis,
2261 2532 2364 2607 qui
2395 2532 2684 2607 mancipia

529 2637 589 2683 et
634 2623 869 2681 ancillas
903 2622 1063 2679 vittis
1104 2641 1170 2679 ac
1216 2621 1459 2679 taeniolis
1481 2664 1500 2692 ,
1544 2622 1727 2678 instar
1763 2622 2132 2681 victimarum
2153 2666 2170 2695 ,
2217 2623 2521 2682 adornatas
2565 2625 2686 2683 aris

526 2715 861 2774 admovebit
893 2734 908 2769 :
956 2714 1135 2771 immo
1172 2714 1345 2770 etiam
1385 2732 1546 2771 suam
1585 2713 1763 2788 ipsius
1801 2713 2014 2785 filiam,
2059 2716 2110 2773 si
2146 2734 2318 2792 quam
2365 2715 2524 2773 domi
2557 2717 2682 2795 jam

526 2810 661 2867 viro
707 2818 993 2864 maturam
1030 2806 1271 2876 habeat,
1324 2808 1489 2862 velut
1526 2808 1764 2863 alteram
1807 2808 2194 2885 Iphigeniam,
2233 2808 2341 2865 etsi
2379 2828 2501 2865 non
2545 2828 2683 2884 spe-

527 2912 621 2961 ret
668 2919 897 2958 cervam
934 2899 1186 2972 aliquam
1220 2918 1331 2973 pro
1370 2896 1489 2955 filia
1535 2917 1635 2955 sua
1673 2898 1878 2955 furtim
1913 2911 1972 2956 et
2008 2898 2228 2975 tragico
2259 2898 2419 2956 nodo
2457 2919 2683 2975 suppo-

526 2995 703 3049 situm
736 2992 828 3047 iri.
866 2992 993 3065 Ego
1025 3008 1170 3046 vero
1202 2990 1517 3045 Pacuvium
1554 3010 1674 3047 esse
1709 2992 1900 3047 virum
1936 2992 2232 3067 egregium
2271 3002 2328 3047 et
2361 2992 2680 3066 sapientem

522 3085 725 3159 judico
772 3105 787 3139 ε
825 3100 1014 3156 neque
1069 3082 1517 3156 comparandam
1567 3094 1710 3157 puto
1770 3085 2112 3139 Graecorum
2165 3084 2394 3139 classem
2449 3094 2632 3141 totam
2657 3127 2678 3156 ,

528 3196 701 3253 quam
742 3173 1095 3231 immolanda
1122 3172 1241 3229 filia
1272 3176 1614 3231 servandam
1645 3180 2047 3250 Agamemnon
2073 3176 2296 3246 voluit,
2335 3188 2678 3247 testamento

530 3281 589 3328 et
624 3265 963 3335 hereditati,
1010 3282 1183 3339 quam
1227 3266 1508 3323 Pacuvius
1541 3286 1642 3323 sua
1675 3267 1894 3341 pariter
1923 3267 2040 3323 fllia
2069 3266 2434 3324 sacrificanda
2470 3280 2680 3344 captat.

528 3364 677 3419 Nam
713 3359 765 3416 si
798 3365 1049 3433 aegrotus
1076 3356 1175 3411 ille
1209 3354 1369 3412 dives
1407 3368 1657 3413 mortem
1695 3356 1969 3428 evaserit,
2017 3370 2416 3416 testamentum
2447 3373 2610 3417 vetus
2643 3382 2679 3419 a

526 3472 588 3510 se
622 3453 837 3509 sactum
880 3446 1123 3517 delebit,
1166 3456 1235 3503 ut
1273 3466 1494 3503 novum
1528 3447 1827 3521 conficiat,
1867 3470 1986 3525 quo
2022 3452 2361 3522 Pacuvium,
2404 3465 2675 3527 tanquam

526 3546 746 3621 optime
779 3544 853 3599 de
886 3559 948 3599 se
986 3538 1288 3609 meritum,
1326 3538 1481 3597 forte
1507 3536 1629 3599 uno
1667 3542 1855 3599 verbo
1895 3545 2080 3599 solum
2122 3545 2395 3602 heredem
2433 3548 2678 3621 scribet,

524 3639 809 3694 inescatus
860 3634 964 3691 illo
1008 3632 1282 3689 videlicet
1326 3631 1637 3704 sacrificio,
1695 3646 1755 3690 et
1791 3636 1972 3692 veluti
2009 3637 2180 3710 piscis
2225 3637 2288 3693 in
2328 3658 2549 3695 nassam
2586 3642 2680 3697 in-

524 3732 755 3787 ductus.
797 3726 1076 3782 Pacuvius
1111 3724 1433 3781 hereditate
1476 3725 1628 3779 lauta
1676 3726 1922 3783 donatus
1957 3729 2192 3803 plaudet
2235 3730 2376 3799 sihi,
2415 3741 2472 3786 et
2505 3731 2674 3788 ince—

526 3826 627 3882 det
668 3820 951 3896 superbus
978 3861 995 3889 ‚
1046 3839 1113 3877 ac
1158 3838 1295 3878 suos
1342 3819 1580 3875 aemulos
1598 3860 1616 3890 ,
1664 3832 1971 3879 moerentes
2015 3822 2317 3898 victosque
2359 3824 2670 3882 deridebit.

524 3922 727 3975 Jamne
761 3911 1068 3987 intelligis,
1102 3923 1385 3987 quantum
1409 3912 1558 3969 lucri
1591 3912 1796 3969 fecerit
1831 3914 1930 3971 ille
1969 3927 2256 3990 captator,
2289 3936 2468 3993 quum
2509 3936 2672 3975 suam

524 4003 884 4085 Iphigeniam
920 4022 1031 4077 pro
1062 4003 1241 4061 divite
1270 4004 1421 4064 orbo
1454 4015 1706 4063 mactare
1733 4024 1856 4066 non
1883 4006 2198 4082 dubitavit,
2234 4020 2302 4066 ut
2336 4028 2440 4069 rex
2467 4012 2671 4088 Myce-

512 4118 730 4173 -narum
770 4096 1213 4176 Agamemnon?
