3050 4884
552 395 634 460 58
1138 399 1215 461 D.
1260 397 1516 461 JUN11
1564 398 2085 467 JUVENALIS

546 510 653 578 Ad
691 536 1009 605 generum
1045 514 1307 582 Cereris
1344 513 1487 579 sinc
1524 511 1706 580 caede
1737 527 1806 581 et
1839 512 2116 582 vulnere
2153 513 2350 607 pauci

546 622 981 691 Descendunt
1016 647 1237 716 reges,
1280 636 1348 689 et
1383 622 1564 690 sicca
1595 638 1814 692 morte
1847 625 2145 717 tyranni.

642 729 1007 825 Eloquium
1038 758 1117 802 ac
1149 732 1397 800 famam
1426 733 1932 818 Demosthenis,
1965 749 2082 801 aut
2105 731 2449 812 Ciceronis

465 825 475 835 ⁶
546 842 800 934 Incipit
837 857 1103 938 optare,
1134 856 1203 909 et
1228 843 1386 909 totis
1407 841 1947 934 Quinquatribus
1977 855 2194 935 optat,
2593 855 2689 903 115

543 949 875 1045 Quisquis
910 951 1132 1020 adhuc
1160 975 1301 1020 uno
1330 967 1594 1046 partam
1626 950 1790 1019 colit
1815 973 1957 1020 asse
1983 952 2360 1020 Minervam
2379 999 2400 1032 ‚

543 1061 767 1147 Quem
796 1061 1102 1154 sequitur
1128 1074 1354 1130 custos
1385 1075 1686 1155 angustae
1720 1060 2003 1131 vernula
2033 1086 2267 1156 capsae.

540 1167 831 1262 Eloquio
864 1170 976 1239 sed
1012 1185 1294 1264 uterque
1322 1171 1499 1264 perit
1526 1187 1798 1258 orator3
1829 1186 2194 1266 utrumque

544 1281 807 1372 Largus
833 1295 903 1348 et
925 1281 1269 1350 exundans
1298 1279 1435 1349 leto
1465 1279 1656 1349 dedit
1683 1282 1932 1374 ingenii
1959 1281 2136 1351 fons,

545 1390 833 1482 Ingenio
862 1415 1101 1459 manus
1126 1405 1223 1460 est
1250 1405 1319 1458 et
1346 1389 1576 1458 cervix
1601 1415 1804 1478 coesa3
1839 1415 1966 1459 nec
1997 1415 2298 1483 unquam
2381 1413 2388 1420 ·
2597 1419 2698 1454 120

542 1500 891 1593 Sanguine
926 1500 1283 1569 caussidici
1312 1500 1726 1570 maduerunt
1753 1516 1970 1570 rostra
1995 1496 2240 1593 pusilli.

540 1639 573 1674 α
598 1611 661 1677 Ο
690 1609 1107 1680 fortunatam
1136 1625 1364 1678 natam
1392 1635 1503 1680 me
1534 1611 1811 1680 consule
1841 1605 2160 1679 Romam!
2193 1635 2225 1672 υ

539 1721 799 1789 Antoni
829 1719 1086 1815 gladios
1117 1723 1344 1816 potuit
1372 1713 1843 1806 contemnere,
1871 1720 1926 1788 si
1953 1721 2050 1787 sic

542 1831 791 1898 Omnia
818 1828 1117 1900 dixisset!
1154 1830 1435 1900 ridenda
1462 1845 1770 1924 poemata
1799 1827 1976 1897 malo
1992 1882 2011 1915 ,

542 1939 767 2026 Quam
791 1952 857 2007 te
888 1940 1305 2034 conspicuae,
1332 1938 1562 2006 divina
1587 1936 1996 2034 Philippica,
2027 1937 2258 2024 famae,
2593 1945 2693 1998 ¹²5

541 2047 855 2117 Volveris
884 2073 923 2116 a
951 2049 1167 2144 prima
1201 2073 1350 2143 quae
1379 2049 1706 2142 proxima.
1736 2049 1967 2115 Saevus
1991 2062 2064 2115 et
2091 2046 2281 2115 illum

544 2157 781 2228 Exitus
813 2159 1096 2254 eripuit,
1137 2184 1338 2254 quem
1371 2159 1792 2226 mirabantur
1822 2157 2104 2226 Athenae

543 2363 841 2439 fungatur,
874 2376 933 2422 et
962 2365 1253 2440 placidus,
1288 2365 1413 2422 sine
1439 2365 1594 2421 caede
1619 2375 1682 2420 et
1709 2362 2032 2440 pugionum
2066 2363 2300 2432 ictibus,
2329 2361 2404 2418 ad
2430 2360 2696 2418 Plutonis

546 2472 727 2530 regna
755 2456 1101 2515 descendat?
1130 2457 1299 2531 pauci
1326 2455 1662 2514 admodum.

630 2565 655 2602 ι
670 2556 761 2616 ¹4·
804 2550 1086 2605 Puerulus
1101 2590 1118 2621 ,
1147 2548 1249 2623 qui
1279 2547 1487 2625 exigua
1516 2547 1786 2604 mercede
1815 2546 2093 2621 magistro
2127 2545 2422 2620 persoluta
2437 2583 2456 2614 ,
2491 2541 2700 2616 primis

547 2638 837 2696 bonarum
863 2639 1077 2696 artium
1100 2639 1446 2698 rudimentis
1472 2639 1776 2708 imbuitur,
1803 2639 1906 2713 qui
1925 2638 2130 2694 ludum
2150 2635 2500 2693 litterarium
2523 2634 2698 2708 petit,

547 2749 669 2786 uno
714 2732 945 2788 servulo
982 2743 1282 2808 angustam
1322 2731 1598 2790 cistellam
1617 2775 1635 2804 ,
1683 2733 1748 2788 in
1783 2751 1894 2806 qua
1931 2730 2054 2803 ejus
2091 2730 2226 2786 libri
2261 2740 2396 2786 sunt
2415 2769 2434 2798 ,
2475 2729 2702 2784 ferente

544 2822 889 2893 comitatus,
918 2825 1039 2897 jam
1074 2835 1199 2880 tum
1226 2825 1448 2900 expetit
1481 2826 1874 2901 eloquentiam
1904 2825 2230 2897 famamque
2260 2821 2701 2892 Demosthenis,

545 2927 648 2972 aut
674 2916 877 2988 Tullii,
910 2936 1019 2973 nec
1044 2917 1155 2972 alia
1180 2918 1319 2974 totis
1348 2916 1796 2992 quinquatribus
1822 2927 1962 2972 vota
1991 2914 2264 2988 concipit.
2295 2913 2414 2970 Sed
2444 2917 2696 2970 Demos·-

547 3006 709 3064 theni
728 3007 948 3082 pariter
969 3027 1034 3063 ac
1056 3009 1249 3064 Tullio
1273 3019 1332 3064 et
1356 3008 1581 3065 funesta
1609 3019 1668 3064 et
1687 3008 1932 3064 exitialis
1951 3006 2280 3083 eloquentia
2301 3006 2443 3076 fuit3
2464 3017 2698 3063 utrum-

550 3119 675 3175 que.
694 3098 915 3175 ingenii
942 3098 1081 3155 felix
1108 3099 1343 3155 ubertas
1370 3111 1431 3155 et
1456 3102 1626 3175 copia
1651 3099 1884 3156 dicendi
1905 3101 2064 3156 letho
2089 3099 2350 3157 tradidit.
2397 3100 2703 3174 ingenium

550 3201 825 3266 praestans
854 3190 1075 3247 exstitit
1098 3190 1161 3247 in
1196 3209 1391 3246 caussa
1405 3231 1423 3259 ,
1452 3210 1560 3248 cur
1579 3191 1850 3248 Ciceroni
1871 3205 2107 3250 mortuo
2130 3202 2302 3268 caput
2317 3191 2628 3252 abscissum
2647 3205 2708 3250 et

552 3285 763 3341 dextra
794 3301 998 3339 manus
1027 3281 1231 3354 fuerit;
1260 3301 1368 3338 nec
1394 3295 1585 3339 rostra
1619 3302 1875 3358 unquam
1896 3285 2132 3358 patroni
2159 3284 2470 3341 mediocris
2490 3303 2705 3342 cruore

552 3388 689 3434 sunt
720 3377 959 3432 imbuta.
1004 3377 1057 3432 0
1075 3373 1458 3447 fortunatam
1493 3388 1699 3432 natam
1739 3396 1833 3433 me
1865 3381 2098 3434 consule
2136 3380 2421 3434 Romam!
2451 3378 2517 3434 Si
2553 3379 2702 3434 nihil

552 3469 792 3528 dixisset
822 3467 1027 3525 Cicero
1040 3507 1057 3537 ,
1088 3468 1181 3523 vel
1215 3467 1534 3542 scripsisset
1568 3469 1883 3543 elegantius
1908 3469 2022 3524 hoc
2049 3487 2154 3524 suo
2178 3487 2379 3536 versu,
2414 3467 2561 3523 nihil
2596 3471 2704 3527 ha-

477 3631 486 3640 ἱ
552 3560 772 3618 buisset
788 3561 1073 3634 profecte,
1088 3559 1251 3634 quod
1264 3559 1507 3616 Antonii
1520 3561 1924 3618 crudelitatem
1941 3571 1998 3616 et
2013 3579 2172 3616 arma
2185 3560 2543 3617 formidaret.
2555 3563 2705 3618 Mihi

554 3671 699 3709 vero
730 3651 911 3728 magis
940 3671 1051 3726 pro
1076 3651 1256 3708 salute
1278 3653 1511 3726 placent
1543 3653 1737 3728 inepta
1760 3653 2046 3727 ejusmodi
2069 3652 2322 3710 carmina
2338 3692 2353 3723 ,
2371 3673 2547 3726 quam
2569 3655 2704 3710 Phi-

554 3745 767 3820 lippica
790 3743 1047 3816 ejusdem
1077 3745 1258 3801 Tullii
1285 3744 1510 3816 divina,
1539 3764 1667 3820 quae
1697 3759 1832 3821 post
1864 3747 2112 3822 primam
2133 3745 2403 3820 proxime
2433 3765 2706 3822 pronun—-

558 3839 729 3909 ciam,
753 3847 977 3892 tantum
998 3837 1111 3912 ipsi
1132 3837 1331 3912 gloriae
1358 3837 1735 3913 comparavit.
1767 3841 1888 3896 Nec
1918 3839 2108 3896 minus
2141 3839 2366 3896 crudeli
2387 3839 2702 3898 exstinctus

558 3943 645 3988 est
663 3930 825 3987 letho
858 3930 988 4000 ille,
1020 3947 1195 4004 quem
1232 3929 1412 3986 instar
1436 3930 1712 3988 torrentis
1733 3942 2130 4006 perorantem,
2165 3941 2224 3985 et
2258 3932 2466 4004 populi
2489 3951 2704 4006 magno

556 4041 803 4080 numero
850 4022 926 4077 ad
970 4039 1105 4078 eum
1146 4020 1498 4079 audiendum
1548 4021 1948 4079 concurrentis
1993 4021 2216 4077 animos
2263 4022 2424 4076 velut
2481 4021 2704 4095 injectis

557 4117 761 4190 frenis,
802 4135 923 4192 quo
956 4115 1131 4174 vellet
1150 4155 1170 4186 ‚
1205 4114 1542 4188 ducentem,
1579 4115 1737 4172 unde
1766 4115 1972 4184 vellet,
2013 4113 2427 4183 abducentem,
2465 4115 2709 4172 Athenae.-
