3050 4884
559 397 686 462 250
1129 400 1214 460 D.
1261 397 1528 460 1UN11
1572 395 2126 462 JUVENALIS

549 511 780 596 Dona,
809 507 912 578 vel
942 510 1219 603 antiquo
1248 509 1502 602 positas
1530 535 1569 577 a
1598 533 1759 603 rege
1788 533 2095 582 coronas.

549 621 714 689 Haec
741 619 834 687 ibi
871 619 926 687 si
965 643 1104 688 non
1136 632 1326 705 sunt,
1366 619 1592 688 minor
1618 633 1837 688 exstat
1864 618 2261 715 sacrilegus»,
2302 623 2421 717 qui
2606 639 2702 692 150

488 791 496 806 ,
549 728 768 798 Radat
805 727 1096 798 inaurati
1127 727 1346 797 femur
1375 726 1719 814 Herculis,
1764 741 1832 797 et
1856 727 2096 802 faciem
2128 732 2343 824 ipsam

553 839 894 934 Neptuni;
935 840 1049 933 qui
1078 837 1484 910 bracteolam
1513 838 1596 908 de
1622 841 1905 910 Castore
1933 839 2154 910 ducat.

551 952 661 1018 An
690 948 982 1037 dubitet,
1011 947 1244 1019 solitus
1273 962 1494 1019 totum
1521 949 1819 1020 conflare
1844 950 2265 1022 Tonantem?

549 1058 806 1130 Confer
832 1075 900 1126 et
932 1058 1218 1130 artifices
1244 1075 1829 1154 mercatoremque
1856 1064 2141 1150 veneni,

546 1172 636 1238 Et
663 1167 1134 1240 deducendum
1164 1171 1356 1240 corio
1381 1171 1574 1240 bovis
1602 1173 1673 1240 in
1704 1195 1919 1257 mare,
1954 1195 2109 1242 cum
2140 1197 2279 1266 quo
2602 1185 2699 1240 155

549 1277 903 1349 Clauditur
938 1279 1228 1350 adversis
1267 1282 1539 1350 innoxia
1572 1280 1765 1350 simia
1800 1279 1971 1352 fatis.

645 1391 810 1458 Haec
838 1407 1046 1484 quota
1071 1416 1224 1485 pars
1257 1391 1580 1460 scelerum
1596 1445 1617 1480 ,
1649 1415 1800 1484 quae
1834 1405 2059 1460 custos
2086 1389 2387 1464 Gallicus
2412 1390 2622 1460 Urbis

549 1497 780 1592 Usque
815 1523 854 1565 a
885 1496 1202 1586 lucifero,
1241 1498 1456 1570 donec
1483 1500 1600 1570 lux
1630 1500 1927 1584 occidat,
1964 1499 2198 1570 audit?
2428 1509 2433 1516 '

552 1608 852 1675 Humani
887 1609 1152 1700 generis
1181 1609 1551 1690 mores‘tibi
1584 1635 1779 1680 nosse
1810 1607 2063 1680 volenti

551 1715 822 1787 Sufficit
853 1741 988 1785 una
1021 1717 1261 1788 domus
1288 1744 1305 1789 z
1341 1743 1593 1814 paucos
1622 1742 1943 1790 consume
1968 1721 2142 1806 dies,
2176 1735 2247 1789 et
2608 1737 2701 1788 160

551 1827 793 1896 Dicere
829 1843 892 1897 te
933 1829 1293 1917 miserum,
1329 1845 1687 1924 postquam
1722 1829 1906 1900 illinc
1936 1830 2232 1915 veneris,
2266 1828 2457 1898 aude.

551 1935 724 2024 Quis
758 1939 1088 2010 tumidum
1123 1955 1360 2036 guttur
1395 1941 1681 2010 miratur
1719 1942 1790 2010 in
1824 1937 2153 2034 Alpibus?
2186 1954 2303 2008 aut
2326 1939 2481 2031 quis

553 2049 636 2113 In
675 2049 911 2117 Meroe
950 2073 1170 2118 crasso
1203 2051 1531 2144 majorem
1568 2051 1825 2120 infante
1862 2047 2268 2126 mamillam?

553 2156 815 2226 Caerula
842 2160 992 2251 quis
1021 2163 1280 2254 stupuit
1305 2163 1633 2232 Germani
1656 2161 1943 2248 lumina,
1978 2160 2219 2230 flavam

527 2371 712 2434 ¹naria
737 2373 1125 2449 populorum,
1163 2395 1395 2436 coronae
1422 2379 1498 2436 ab
1520 2379 1719 2454 aliquo
1742 2398 1879 2457 rege
1900 2378 2097 2458 prisco
2113 2375 2353 2452 Superis
2382 2376 2589 2434 oblatae
2605 2417 2621 2447 ,
2646 2387 2706 2434 et

551 2463 614 2518 in
640 2465 862 2539 templis
895 2468 1175 2541 repositae.
1215 2470 1392 2540 Quod
1413 2470 1464 2526 si
1493 2472 1688 2546 pra-,da
1722 2483 1839 2530 tam
1862 2473 2025 2530 dives
2060 2471 2125 2528 in
2158 2470 2228 2528 iis
2260 2471 2419 2526 nulla
2452 2469 2705 2540 exsistit,

550 2575 736 2614 aureae
769 2559 995 2618 laminae
1024 2560 1098 2618 de
1135 2562 1354 2620 femore
1393 2566 1685 2635 Herculis,
1729 2566 1803 2624 (le
1834 2566 2003 2622 vultu
2032 2565 2159 2640 ipso
2190 2561 2475 2638 Neptuni,
2504 2573 2605 2620 aut
2632 2561 2706 2617 de

556 2648 794 2706 Castore
815 2651 1186 2710 abraduntur
1205 2674 1240 2710 a
1261 2653 1555 2732 sacrilegis
1577 2656 1897 2714 levioribus
1920 2679 1933 2713 :
1960 2675 2069 2714 nec
2096 2655 2311 2712 mirum
2328 2695 2349 2724 ,
2368 2653 2585 2729 qnippe
2602 2651 2708 2728 qui

551 2743 854 2819 graviora,
877 2745 1042 2802 nullo
1069 2747 1320 2821 penculsi
1349 2758 1538 2818 metu,
1566 2746 1777 2825 flagitia
1808 2749 2098 2823 suscipere
2132 2749 2390 2818 soleant,
2428 2765 2495 2804 ac
2527 2757 2709 2804 totam

553 2837 586 2892 J
591 2835 716 2892 ovis
767 2837 1022 2894 tonantis
1062 2857 1134 2894 ex
1175 2857 1320 2896 auro
1361 2849 1609 2898 statuam
1661 2840 1787 2916 igni
1827 2840 2195 2915 liquefacere.
2251 2841 2537 2912 Compara
2575 2857 2707 2896 cum

551 2928 759 2984 eodem
782 2928 970 2986 amico
993 2929 1320 3006 depositum
1345 2932 1453 2988 tibi
1472 2932 1861 3002 subducente,
1881 2933 2014 2988 illos
2032 2930 2135 3005 qui
2153 2939 2386 3004 parant,
2400 2930 2493 2986 vel
2512 2939 2717 2988 emunt

553 3038 810 3090 venena;
841 3039 1108 3094 compara
1133 3022 1481 3095 parricidas,
1505 3025 1719 3096 quibus
1744 3025 1865 3078 haec
1890 3020 2145 3098 irrogata
2166 3021 2393 3096 legibus
2414 3037 2581 3096 poeua
2598 3031 2683 3078 est
2696 3061 2713 3090 ,

554 3124 623 3169 ut
650 3109 862 3170 inclusi
887 3131 1052 3170 sacco
1081 3132 1116 3170 e
1145 3114 1314 3172 bovis
1343 3116 1498 3188 pelle
1520 3116 1706 3186 facto,
1732 3115 1906 3171 simul
1936 3132 2069 3172 cum
2090 3112 2309 3172 infelici
2325 3125 2388 3170 et
2412 3113 2713 3172 innocenti

555 3203 744 3274 simia,
768 3205 829 3260 in
850 3223 1051 3279 aequor
1075 3203 1444 3277 abjiciantur.

641 3297 772 3369 157.
815 3298 952 3354 Haec
981 3307 1178 3356 tamen
1205 3300 1422 3357 scelera
1437 3341 1456 3373 ,
1488 3318 1618 3375 quae
1640 3302 1915 3360 hactenus
1941 3302 2287 3370 memoravi,
2310 3297 2547 3356 minim
2574 3315 2711 3372 pars

553 3410 760 3450 eorum
783 3402 919 3448 sunt
933 3432 950 3461 ,
969 3411 1108 3467 ,qua
1133 3392 1396 3467 quotidie
1417 3394 1492 3450 ad
1515 3393 1801 3452 Rutilium
1828 3395 2144 3465 Gallicum,
2166 3392 2326 3451 urbis
2341 3391 2678 3466 prefectum
2692 3431 2711 3460 ,

551 3485 725 3540 unius
769 3495 992 3540 tantum
1027 3483 1144 3540 diei
1176 3486 1362 3559 spatio
1391 3505 1423 3542 a
1451 3505 1619 3543 mane
1650 3487 1727 3544 ad
1752 3506 2051 3563 vesperam
2084 3488 2444 3546 deferuntur.
2484 3483 2551 3542 Si
2572 3483 2713 3540 velis

553 3593 720 3632 nosse
765 3595 937 3651 quam
973 3576 1284 3653 profligata
1320 3578 1625 3636 hominum
1648 3579 1763 3636 vita
1796 3579 1872 3638 sit
1894 3619 1910 3650 ‚
1950 3599 2126 3640 unam
2161 3579 2333 3654 hujus
2370 3576 2579 3636 Gallici
2614 3575 2711 3632 in-

554 3665 708 3740 spice
741 3666 1012 3739 domum3
1038 3668 1185 3743 quid
1215 3669 1278 3726 in
1301 3688 1364 3726 ea
1395 3680 1651 3745 geratur,
1688 3687 1793 3744 per
1826 3670 1949 3730 dies
1978 3672 2203 3745 aliquot
2223 3667 2518 3745 expende5
2552 3677 2712 3738 tum,

555 3775 664 3832 per
701 3775 794 3814 me
828 3758 1052 3830 licebit,
1097 3759 1365 3837 deplores
1409 3761 1794 3819 calamitatem
1835 3773 2007 3823 tuem.
2049 3765 2237 3820 Nemo
2280 3759 2517 3835 Alpium
2554 3759 2714 3818 inco-

557 3851 640 3908 las
681 3850 917 3909 tumidis
959 3855 1374 3931 strumosisque
1419 3875 1543 3914 esse
1582 3855 1883 3929 faucibus3
1922 3875 2095 3916 nemo
2138 3853 2451 3914 mulierum
2492 3855 2716 3929 AEgyp-

551 3941 760 4000 tiaram
786 3963 1062 4004 mammas
1089 3947 1279 4006 obesis
1312 3947 1504 4024 pueris
1528 3949 1840 4008 crassiores
1870 3950 2151 4008 miratur:
2178 3965 2354 4006 nemo
2378 3948 2715 4016 Germano-

555 4055 688 4094 rum
713 4037 916 4094 oculos
951 4041 1194 4098 caeruleo
1231 4043 1429 4101 colore
1467 4041 1709 4115 tinctos,
1746 4041 1927 4100 flavos
1962 4041 2305 4100 eorumdem
2346 4039 2562 4109 crines,
2603 4055 2711 4094 uu·

553 4142 772 4207 guento
801 4131 1092 4194 delibutos
1115 4145 1176 4196 et
1203 4135 1386 4194 instar
1405 4155 1697 4196 cornuum
1726 4147 2063 4198 recurvata
2074 4155 2095 4208 3
2124 4134 2259 4212 quia
2288 4133 2567 4192 nimirum
2586 4131 2711 4190 hoec
