3050 4884
529 376 653 443 ¹9⁰
840 352 1190 421 VARIAE
1237 354 1836 421 LECTIONES
1883 356 2014 422 ET
2059 356 2370 425 NOTAE

518 476 640 523 var.
659 472 889 533 lacn-X,
908 474 958 521 6.
980 470 1281 522 Pieeeumaoe
1306 474 1401 522 alia
1420 472 1764 531 Taubmanni,
1791 471 1856 519 ab
1881 488 1944 520 eo
1965 472 2164 521 laudata
2187 474 2252 522 ad
2279 476 2435 523 Plaut.
2463 474 2598 523 Pers.
2615 476 2684 535 V,

522 560 681 621 a‚67.
700 556 835 607 Pede
853 557 1133 606 undelibet
1152 559 1260 607 Jac.
1284 556 1547 621 Scin-gni,
1571 557 1656 620 qui
1675 556 1730 604 in
1751 556 1988 603 Premiss.
2011 566 2059 603 et
2077 554 2222 605 Obss.
2245 558 2397 622 Epist.
2413 574 2458 607 c.
2485 553 2533 615 5,
2555 556 2685 604 hanc

517 640 783 689 lectionem
810 640 1057 702 defendit,
1086 652 1145 689 ιιι
1168 656 1278 689 mos
1302 642 1590 690 Graeoorum
1611 640 1869 699 innuatur,
1895 654 2020 704 quos
2045 638 2102 686 in
2125 641 2370 689 conviviis
2395 638 2566 688 nudos
2587 638 2684 686 sal·

518 732 647 772 tasse
672 723 829 790 (pede
854 722 1005 773 libem
1026 724 1260 788 pulsasse
1286 736 1494 785 terram,
1514 725 1639 772 Hor.
1669 722 1766 771 od.
1790 726 1843 783 1,
1871 724 1956 785 37,
1983 719 2058 787 ι),
2088 722 2271 772 docent
2305 724 2604 781 Athenaeus,
2635 730 2686 771 et

518 808 623 857 Cic.
650 810 745 856 Pis.
774 824 849 857 ro.
883 836 954 846 —
982 809 1107 870 Quae
1140 808 1377 857 lectiones
1394 844 1409 869 ,
1444 823 1602 872 quum
1635 822 1740 855 non
1775 805 2049 854 arriderent
2083 806 2222 868 aliis,
2255 805 2353 854 dici
2379 806 2468 855 vix
2495 814 2682 871 potest,

518 902 825 957 quantopere
860 890 916 939 in
952 890 1015 938 iis
1048 891 1371 940 emendandis
1406 906 1608 955 operam
1641 890 1865 938 luserint.
1905 890 2131 938 Potione·
2165 906 2338 938 eorum
2371 874 2686 951 confecturas

516 974 688 1039 paucis
726 974 1029 1022 recensuisse
1058 972 1288 1021 sufficiet.
1318 1000 1389 1012 -·
1427 972 1733 1021 Poedoemate
1758 972 2098 1037 suspicabatur
2125 972 2286 1022 Cauil.
2323 974 2592 1021 Minutian.
2620 970 2684 1019 ds

518 1058 759 1124 Ortbogr.
790 1068 841 1106 et
857 1054 1119 1122 pedemate
1146 1058 1235 1123 (ut
1262 1058 1445 1127 iegitur
1468 1057 1525 1105 in
1551 1056 1638 1118 63,
1667 1056 1754 1115 68,
1777 1058 1873 1119 69,
1902 1056 1965 1103 ad
1992 1070 2143 1122 marg.
2172 1072 2258 1119 7ι,
2286 1059 2382 1119 73,
2413 1054 2506 1119 74)
2543 1056 2682 1121 Bapt-

517 1142 693 1206 Eguat.
714 1144 914 1190 Racem.
935 1156 981 1189 c.
1009 1156 1101 1203 ¹73
1130 1140 1363 1190 Brodaeus
1386 1142 1531 1190 Misc.
1559 1142 1624 1201 V,
1653 1142 1739 1199 26,
1761 1150 1812 1187 et
1835 1138 1953 1188 Brit.
1983 1150 2038 1187 ut
2071 1141 2146 1189 vel
2179 1141 2466 1206 designetur
2492 1134 2682 1201 siem

516 1222 809 1285 Λακωνικὴ,
842 1240 998 1289 genua
1036 1224 1338 1286 saltationis,
1380 1222 1564 1272 lubrico
1593 1224 1882 1288 pedemonte,
1917 1218 2196 1293 πηδήματι,
2231 1226 2390 1286 saltu,
2418 1225 2497 1274 vel
2533 1224 2686 1273 celeri

514 1309 703 1375 pedum
732 1309 1034 1369 mobilitate,
1068 1310 1122 1357 in
1147 1309 1339 1367 orbem,
1364 1324 1513 1373 gyros
1537 1318 1583 1355 et
1606 1306 1865 1373 ambages,
1889 1309 2018 1357 circa
2047 1308 2302 1359 tibicinem
2327 1310 2382 1357 iu
2409 1308 2575 1357 medio
2606 1318 2685 1356 ae-

516 1391 719 1441 deutem
737 1402 886 1457 atque
904 1401 1191 1452 canentem,
1209 1392 1433 1439 exercitae
1448 1390 1575 1457 (vid.
1595 1390 1802 1452 Pollux,
1822 1402 1870 1439 et
1891 1392 2090 1441 Luciau.
2110 1392 2174 1441 de
2189 1392 2354 1442 Saltat.
2377 1410 2422 1441 c.
2447 1408 2528 1451 10,
2548 1393 2686 1459 Opp.

516 1486 639 1527 tom.
660 1479 751 1538 IV,
775 1492 889 1542 pag.
923 1478 1023 1538 347
1056 1492 1159 1540 seq.
1184 1476 1265 1525 ed.
1297 1474 1566 1539 Schmidq)
1595 1475 1696 1536 vel,
1721 1491 1829 1539 quae
1853 1475 2048 1525 Brodaei
2071 1476 2313 1525 sententia
2339 1486 2439 1535 cst,
2463 1474 2594 1523 orbis
2621 1475 2688 1523 sit

515 1560 735 1625 ligneum
772 1570 1088 1625 tympanum,
1126 1560 1181 1607 in
1219 1558 1358 1623 quod
1391 1558 1707 1619 danaen-int,
1744 1559 1979 1645 quodque
2012 1560 2166 1608 modo
2203 1560 2434 1609 saltantes
2467 1560 2684 1608 circum-

515 1642 755 1695 duxerint
772 1642 1011 1707 pedibus,
1040 1643 1193 1691 modo
1216 1659 1308 1709 per
1332 1643 1538 1707 longum
1563 1638 1776 1708 spatiuui
1795 1660 1946 1710 super
1971 1655 2156 1693 stantes
2175 1661 2281 1693 uno
2301 1646 2490 1710 impetu
2524 1640 2690 1693 iubri-

514 1729 685 1778 cando
704 1728 1013 1793 agitaverint.
1032 1754 1106 1767 -
1129 1726 1461 1791 Ptorlismate,
1494 1728 1574 1776 vei
1586 1726 1890 1790 pytilismate
1917 1728 2050 1791 conj.
2080 1728 2386 1777 Politianus
2371 1745 2424 1775 ιιι
2443 1728 2588 1776 Misc.
2605 1730 2684 1785 11,

515 1814 605 1875 37,
630 1812 695 1861 38
708 1848 723 1873 ,
745 1822 795 1859 et
816 1811 919 1861 Jul.
938 1812 1113 1877 Scaiig.
1146 1808 1287 1861 Poet.
1314 1814 1338 1859 1
1352 1846 1369 1870 ,
1394 1828 1489 1872 αα,
1510 1821 1568 1859 ut
1585 1811 1648 1859 sit
1669 1812 1956 1859 exercitatio
1979 1812 2036 1860 in
2057 1812 2298 1859 Laeomeo
2325 1810 2448 1877 (vid.
2467 1808 2683 1875 Comum.)

514 1896 667 1954 facta,
698 1910 797 1957 qua
832 1894 945 1961 quis
980 1894 1189 1943 summis
1222 1893 1438 1959 pedibus
1476 1893 1763 1959 ingrediens
1801 1909 1978 1944 manus
2013 1894 2322 1960 protenderit
2360 1894 2686 1958 ocissimeque

514 1980 757 2041 moverit,
785 1980 987 2029 alteram
1008 1990 1310 2036 retrorsum,
1328 1978 1530 2027 aiteram
1552 1990 1784 2041 prorsum
1799 2013 1813 2033 .‚
1845 1978 1910 2025 de
1931 1993 2032 2041 quo
2057 1978 2158 2027 vid.
2176 1978 2350 2027 Galen.
2375 1978 2440 2025 11.
2467 2003 2540 2014 —
2569 1980 2684 2024 Pec-

513 2072 724 2111 eeumate
755 2063 945 2127 recepit
972 2060 1183 2111 Farnab.
1212 2076 1278 2109 ex
1301 2060 1499 2110 emend.
1528 2062 1714 2110 Mureti
1737 2062 1792 2109 in
1819 2062 1937 2110 Var.
1965 2064 2096 2113 Lect.
2131 2064 2209 2122 Χ,
2236 2064 2270 2112 6
2287 2098 2303 2123 ,
2332 2061 2420 2110 ubi
2449 2061 2556 2109 hnc
2579 2076 2684 2109 vox

515 2144 781 2194 deducitur
810 2162 839 2194 a
874 2146 962 2194 Gr.
999 2143 1264 2206 πεττεύειν,
1299 2145 1407 2193 talis
1444 2160 1534 2193 seu
1567 2144 1790 2204 calculis,
1821 2144 2040 2203 πεττοῖς,
2071 2156 2128 2193 ιιι
2163 2146 2213 2194 h.
2249 2146 2344 2195 loc.
2375 2143 2686 2210 significetur

516 2228 657 2277 dives
676 2228 794 2276 aleo
810 2229 975 2279 studio
999 2228 1225 2287 deditus,
1250 2228 1338 2291 qni
1362 2244 1584 2277 mensam
1607 2246 1673 2279 ex
1699 2244 1946 2278 marmore
1965 2230 2213 2279 Laconico
2238 2230 2434 2279 assidue
2459 2228 2682 2279 ludendo

514 2311 738 2373 lubricet,
762 2312 863 2361 boc
883 2322 976 2371 est,
1001 2312 1173 2377 poliat.
1200 2312 1352 2361 Cous.
1382 2328 1459 2361 vs.
1482 2328 1587 2376 seq.
1609 2340 1680 2351 ---
1701 2311 2010 2375 Pyroismaee
2026 2351 2041 2375 ,
2065 2313 2142 2360 vel
2166 2323 2473 2377 pyreysmaee
2499 2312 2679 2377 corrig.

513 2396 734 2445 Alciatua
767 2398 962 2461 Pan-erg.
978 2397 1090 2446 Jur.
1112 2396 1184 2444 vl
1199 2432 1214 2455 ,
1242 2398 1297 2455 3,
1321 2406 1377 2444 ιιι
1395 2398 1459 2444 sit
1482 2398 1772 2444 exercitulo
1792 2396 2014 2460 quaedam
2035 2398 2286 2444 Laconum
2301 2432 2317 2457 ,
2337 2396 2412 2443 vei
2431 2396 2682 2443 nudorum

514 2479 723 2542 oleoque
764 2489 1028 2527 unctorum
1044 2514 1059 2537 ‚
1100 2478 1156 2525 in
1194 2478 1451 2529 sudatorio
1470 2516 1486 2540 ,
1524 2480 1798 2541 Laconico,
1829 2478 2100 2547 πυριὺματι
2138 2496 2226 2527 seu
2257 2476 2576 2547 πυριατηρίῳ.
2613 2502 2682 2517 —-

512 2564 851 2627 Pmpeysmate
874 2562 1189 2611 Mercurialis
1211 2564 1320 2611 Art.
1342 2564 1527 2627 Gymn.
1554 2566 1606 2623 1,
1641 2581 1728 2625 ιο,
1755 2574 1936 2628 putans
1957 2564 2166 2629 imenigi
2191 2564 2510 2628 petuiuntiam
2534 2563 2682 2611 ditio·

514 2662 657 2709 rum,
695 2646 787 2712 qui
820 2646 978 2695 multo
1017 2656 1166 2711 sputo
1200 2645 1586 2715 (προπτ-ὑοντες,
1621 2648 1972 2715 imputantes)
2007 2648 2321 2713 irrigaverint
2351 2649 2680 2709 Laconicum,

514 2733 719 2796 ejusque
753 2732 1093 2796 pavimentum
1130 2731 1485 2780 lubricaverint
1500 2767 1517 2793 ,
1553 2741 1609 2779 ut
1635 2731 1774 2779 facile
1795 2732 1908 2794 quis
1929 2730 2104 2780 cadere
2122 2732 2357 2796 potuerit.
2381 2758 2446 2769 -·-
2477 2730 2683 2779 Pittere-

511 2826 643 2865 mate
672 2815 855 2864 Eberh.
886 2814 1154 2876 Mollem,
1182 2816 1270 2879 qui
1290 2815 1427 2865 hanc·
1450 2816 1716 2865 lectionem
1751 2815 1948 2865 Lubino
1979 2816 2210 2881 probavit
2239 2817 2462 2865 excitatis
2494 2816 2686 2879 aliquot

509 2910 733 2949 veterum
756 2900 1057 2964 scriptorum
1078 2900 1227 2959 locis,
1252 2900 1383 2966 inpr.
1410 2900 1633 2949 Luciani.
1657 2926 1728 2937 -
1753 2899 2032 2965 Pygismate
2049 2900 2180 2964 Lips-
2205 2900 2361 2964 Epist.
2385 2902 2569 2963 Queat.
2589 2902 2680 2963 lv,

517 2984 601 3040 25,
624 2982 714 3031 ubi
732 2992 925 3038 monet,
947 2980 1173 3051 πύγισμα.
1196 2994 1355 3047 poetae
1374 2982 1541 3031 Siculo
1567 2982 1666 3030 dici
1689 2982 2090 3047 praedicationem
2107 3017 2123 3041 ‚
2141 2994 2188 3031 et
2217 2982 2426 3033 verbum
2442 2983 2682 3033 lubricam

513 3064 734 3113 obscoeni
752 3063 877 3127 quid
895 3064 1127 3127 preferre
1140 3100 1155 3123 ,
1179 3065 1345 3112 orbem
1366 3080 1488 3113 vero
1506 3066 1782 3115 Lacedoem.
1808 3076 1998 3130 partem
2019 3066 2186 3113 vocari
2203 3082 2420 3115 aversam
2434 3102 2449 3127 ‚
2467 3079 2514 3115 et
2538 3066 2682 3115 diviti

438 3146 446 3153 ⁴
513 3164 696 3213 pueros
718 3146 982 3196 Lacedaetn.
1008 3148 1187 3205 tribui,
1212 3148 1450 3211 quoniam
1475 3162 1534 3196 ea
1553 3164 1674 3213 gens
1690 3149 1946 3196 Iuvenalis
1968 3160 2188 3213 tempore
2209 3150 2420 3199 maxime
2439 3152 2602 3202 moni·
2631 3161 2680 3200 et

510 3232 655 3297 pueri
681 3229 799 3277 inde
824 3229 1028 3278 oriundi
1051 3230 1107 3277 iu
1131 3229 1375 3278 nobilium
1412 3231 1602 3279 deliciis
1631 3231 1831 3279 suerint.
1858 3228 2008 3282 Conf.
2034 3232 2268 3283 Philostr.
2303 3235 2407 3284 Vit.
2443 3236 2677 3301 Apollon-

511 3318 604 3375 IV,
623 3326 673 3364 et
692 3317 841 3364 Mart.
864 3317 958 3377 lv,
988 3316 1071 3371 55,
1102 3318 1152 3373 6,
1187 3332 1231 3377 7.
1249 3340 1322 3351 ———
1343 3317 1677 3379 Poppysmaee
1701 3318 1892 3364 Flavius
1913 3317 2199 3379 Coniectan.
2222 3334 2265 3368 c.
2291 3320 2322 3367 5
2335 3334 2377 3377 ι,
2399 3320 2485 3369 ubi
2513 3322 2680 3383 docet,

512 3403 665 3451 verba
674 3416 955 3468 poppysma
974 3437 990 3463 ,
1014 3416 1105 3449 seu
1129 3398 1327 3448 sibilum
1346 3400 1481 3465 (vid.
1506 3415 1654 3465 supra
1675 3401 1740 3449 ad
1765 3402 1863 3459 vl,
1885 3398 2010 3460 584,
2039 3402 2092 3450 in
2111 3402 2334 3468 Comm.)
2353 3414 2424 3453 „et
2439 3405 2681 3453 lubricat-e

512 3487 577 3535 de
603 3502 656 3533 re
679 3485 911 3534 obscena
938 3484 1163 3533 adhiberi
1176 3518 1191 3543 ,
1222 3494 1270 3531 et
1296 3483 1461 3531 orbem
1482 3484 1757 3533 Lacedoem.
1783 3499 1887 3533 esse
1909 3496 2076 3546 nates,
2100 3496 2184 3535 aut
2201 3498 2550 3552 praeposteram
2575 3488 2678 3537 Ve-

512 3586 713 3629 nerem,
745 3570 983 3635 quoniam
1019 3568 1285 3633 Spartanos
1314 3568 1534 3632 primum
1566 3568 1630 3615 ad
1659 3562 1936 3617 athleticam
1965 3570 2178 3618 nudasse
2207 3584 2415 3635 corpora
2433 3606 2448 3627 ‚
2479 3580 2528 3619 et
2557 3572 2676 3621 inde

512 3654 775 3703 libidinem
804 3654 857 3700 in
874 3667 1059 3717 pueros
1084 3651 1322 3700 exarsisse
1338 3686 1352 3708 ‚
1374 3652 1568 3699 tradant
1587 3650 1815 3715 Thucyd.
1835 3662 1887 3700 et
1904 3652 2094 3701 Cicero.
2121 3680 2192 3693 -·
2215 3654 2410 3719 Lipsius
2433 3655 2525 3703 loc.
2543 3656 2676 3705 land.

514 3736 660 3793 dicit,
675 3736 708 3783 J
710 3752 781 3782 ac.
800 3734 993 3782 Susiurn
1022 3734 1257 3793 suasisse,
1279 3746 1336 3782 ut
1352 3750 1447 3799 pro
1464 3735 1626 3783 orbem
1647 3734 2025 3785 substitueretur
2041 3737 2208 3785 orbum
2228 3774 2242 3799 ,
2263 3738 2360 3785 hoc
2378 3748 2474 3798 est,
2507 3754 2675 3787 senem

514 3818 720 3879 orbum,
750 3816 952 3864 divitem
972 3834 1029 3864 ac
1054 3816 1237 3869 soedum
1252 3854 1267 3877 ,
1308 3820 1393 3882 qui
1422 3818 1592 3867 nescio
1611 3818 1733 3883 quid
1755 3819 1977 3868 obscoeni
1999 3818 2165 3868 fecerit
2179 3856 2195 3881 ,
2219 3822 2298 3869 vel
2319 3824 2484 3886 potins
2503 3838 2676 3887 passus

514 3904 591 3952 sit.
610 3928 682 3941 --
700 3901 875 3949 Urbem
894 3900 1074 3965 legitur
1095 3902 1151 3949 in
1174 3904 1269 3961 233
1294 3904 1479 3968 inepte.
1495 3930 1566 3942 —-
1590 3905 1712 3953 vid.
1735 3915 1902 3954 notam
1921 3906 2188 3954 Crammeri
2205 3942 2220 3967 ‚
2238 3923 2353 3972 pag.
2377 3916 2495 3971 ⁴⁴9·
2514 3908 2603 3959 En.

585 4022 727 4076 Nor.
772 4020 887 4091 ¹73·
926 4020 1145 4085 Divitis,
1183 4022 1395 4093 opinor,
1420 4024 1658 4078 bominis
1697 4022 1992 4097 descriptio
2033 4038 2088 4078 et
2116 4025 2419 4098 magnificae
2447 4025 2666 4093 domus,

477 4166 488 4175 ο
514 4103 609 4159 sed
635 4104 795 4161 valde
820 4103 1079 4171 obscura3
1104 4102 1249 4160 unde
1272 4106 1365 4163 vix
1382 4124 1710 4181 quemquam
1729 4110 1896 4165 ullius
1913 4108 2195 4183 scriptoris
2218 4112 2402 4165 locum
2419 4114 2670 4187 reperies,
