3050 4884
583 428 667 491 72
745 410 829 473 D.
869 410 1128 477 JUNII
1169 412 1699 478 IUVENALIS
1746 413 2099 477 SATIRA
2142 412 2539 477 DECIMA.

578 525 754 593 Nam
789 550 915 619 pro
945 528 1263 621 jucundis
1304 530 1642 623 aptissima
1675 554 1956 623 quaeque
1992 527 2249 597 dabunt
2278 526 2347 595 di
2376 552 2395 597 τ

575 633 814 701 Carior
840 651 940 705 est
970 635 1094 706 illis
1125 638 1364 723 homo,
1397 662 1597 731 quam
1627 638 1770 706 sibi.
1810 640 1951 706 Nos
1982 638 2367 704 animorum
2606 648 2713 703 350

575 740 912 833 Impulsu,
946 758 1014 812 et
1044 770 1214 814 caeca
1247 769 1622 839 magnaque
1652 745 1974 839 cupidine
2006 742 2193 813 ducti

571 851 980 945 Conjugium
1017 856 1328 948 petimuS,
1366 869 1771 949 partumque
1808 858 2035 925 uxoris
2068 880 2084 923 :
2132 869 2200 923 at
2238 852 2366 923 illis

571 958 866 1047 Notum,
903 962 1018 1055 qui
1055 964 1282 1056 pueri,
1324 962 1669 1058 qualisque
1701 964 1927 1034 futura
1966 966 2052 1033 sit
2084 989 2275 1033 uxor.

573 1068 672 1137 Ut
697 1083 916 1139 tamen
939 1088 1008 1140 et
1029 1098 1262 1166 poscas
1285 1070 1570 1166 aliquid,
1601 1098 1976 1168 voveasque
2003 1071 2261 1143 sacellis

573 1180 743 1246 Exta
767 1196 832 1249 et
863 1180 1201 1250 candiduli
1235 1181 1461 1250 divina
1487 1182 1822 1251 tomacula
1854 1183 2044 1276 porci
2066 1236 2086 1267 ,
2610 1190 2711 1243 355

575 1288 926 1357 Orandum
957 1306 1055 1359 est
1073 1343 1092 1373 ‚
1122 1305 1198 1358 ut
1223 1291 1307 1358 sit
1333 1316 1523 1359 mens
1552 1316 1711 1360 sana
1739 1294 1807 1359 in
1838 1316 2126 1387 corpore
2152 1314 2337 1359 sano.

573 1398 844 1470 Fortem
875 1423 1078 1493 posce
1105 1400 1402 1468 animum
1421 1454 1440 1486 ,
1470 1402 1708 1469 mortis
1740 1406 2003 1469 terrore
2038 1414 2375 1469 carentem
2396 1452 2417 1483 ‚

573 1506 710 1595 Qui
739 1510 1028 1602 spatium
1054 1510 1208 1577 vitae
1232 1525 1605 1579 extremum
1634 1510 1812 1579 inter
1844 1533 2125 1578 munera
2160 1523 2367 1601 ponat

574 1618 883 1703 Naturae,
914 1618 1029 1712 qui
1056 1618 1238 1688 ferre
1267 1635 1468 1711 queat
1496 1644 1957 1713 quoscumque
1984 1618 2279 1703 labores,

575 1725 856 1793 Nesciat
887 1727 1118 1811 irasci,
1150 1726 1378 1819 cupiat
1406 1726 1606 1812 nihil,
1636 1743 1705 1796 et
1732 1730 2029 1821 potiores
2608 1740 2715 1793 360

573 1832 879 1902 Herculis
909 1860 1236 1904 aerumnas
1263 1837 1488 1906 credat
1515 1863 1859 1933 saevosque
1886 1836 2141 1905 labores
2158 1889 2179 1923 ,

575 1948 661 2014 Et
684 1948 978 2033 Venere,
1005 1962 1076 2016 et
1109 1949 1347 2033 coenis,
1369 1963 1434 2018 et
1465 1948 1693 2043 pluma
1721 1946 2175 2041 Sardanapali.

575 2056 916 2142 Monstro,
947 2057 1129 2151 quod
1167 2058 1312 2152 ipse
1341 2058 1460 2125 tibi
1481 2059 1707 2151 possis
1735 2058 1935 2127 dare:
1966 2058 2197 2126 semita
2226 2071 2402 2124 certe

573 2166 982 2261 Tranquillae
1011 2194 1134 2261 per
1163 2169 1480 2237 virtutem
1517 2184 1704 2264 patet
1730 2170 1927 2238 unica
1954 2168 2130 2236 vitae.

575 2274 854 2345 Nullum
893 2301 1146 2344 numen
1185 2277 1424 2363 habeS,
1461 2280 1515 2346 si
1552 2280 1635 2348 sit
1675 2278 2064 2373 prudentia3
2092 2300 2217 2344 nos
2248 2287 2314 2342 te
2606 2288 2709 2342 365

577 2386 721 2455 Nos
753 2384 1068 2472 facimus,
1101 2390 1435 2475 Fortuna,
1469 2388 1694 2476 deam,
1727 2387 2023 2482 caeloque
2050 2385 2370 2455 locamus,

577 2580 792 2654 qnippe
824 2582 1034 2655 quibus
1060 2583 1338 2653 cariores,
1369 2604 1545 2659 quam
1570 2583 1741 2640 nobis
1763 2582 1902 2657 ipsi,
1930 2582 2125 2639 simus.
2150 2582 2272 2637 Nos
2294 2596 2443 2634 caeco
2474 2588 2531 2633 et
2562 2594 2712 2651 prae-

573 2671 734 2746 cipiti
757 2674 1009 2747 quodam
1033 2676 1360 2732 animorum
1377 2678 1599 2751 impetu
1620 2688 1679 2733 et
1701 2673 2011 2749 cupiditate
2032 2672 2262 2748 impulsi
2280 2668 2711 2726 matrimonium

575 2764 926 2838 expetimus,
967 2778 1027 2822 et
1064 2769 1326 2844 conjugis
1368 2781 1643 2844 partum:
1680 2780 1738 2823 at
1782 2776 2002 2821 norunt
2038 2762 2279 2838 Superi,
2316 2761 2500 2835 qualis
2531 2778 2710 2828 uxor,

575 2856 759 2929 qualis
783 2855 936 2911 filius
972 2858 1202 2913 futurus
1228 2858 1320 2914 sit.
1357 2864 1627 2916 Attamen
1669 2870 1734 2915 ut
1773 2877 1973 2932 poscas
2002 2854 2222 2929 aliquid
2246 2894 2263 2923 ‚
2306 2864 2365 2909 et
2392 2864 2459 2907 ut
2489 2850 2713 2925 templis

574 2947 792 3004 viscera
821 2950 1219 3024 tomaculaque
1245 2950 1442 3007 divina
1463 2950 1758 3009 candiduli
1780 2948 2022 3025 porcelli
2048 2964 2286 3015 voveas,
2306 2945 2618 3019 petendum
2638 2942 2713 2997 ab

575 3038 688 3093 illis
717 3040 827 3094 hoc
859 3057 1073 3107 unum,
1107 3052 1172 3095 ut
1203 3053 1397 3097 mente
1429 3058 1561 3097 sana
1598 3040 1765 3095 simul
1796 3050 1853 3095 et
1888 3056 2027 3094 sano
2056 3054 2303 3111 corpore
2338 3035 2411 3091 sis
2438 3056 2451 3090 ε
2484 3033 2713 3109 postula

573 3129 976 3186 fortitudinem
1009 3142 1068 3185 et
1107 3132 1294 3187 robur
1321 3132 1498 3187 animi
1516 3174 1533 3197 ,
1567 3130 1667 3204 qui
1694 3130 1857 3185 nullo
1884 3128 2090 3185 mortis
2122 3140 2283 3185 met-u
2304 3128 2706 3203 perturbetur3

573 3221 674 3295 qui
703 3221 836 3276 vitae
865 3234 1088 3296 tempus
1124 3222 1396 3279 ultimum
1426 3224 1582 3278 inter
1610 3232 1829 3277 naturae
1854 3219 2129 3277 beneficia
2164 3230 2458 3291 numeret3
2495 3220 2596 3294 qui
2625 3219 2715 3275 se-

575 3314 772 3370 rendis
795 3313 1253 3389 quibuscumque
1285 3314 1585 3379 laboribus
1613 3332 1751 3389 par;
1786 3314 1886 3388 qui
1915 3326 2120 3387 potens
2153 3313 2462 3369 iracundiae.
2492 3310 2712 3387 cupidi-

578 3404 823 3477 tatisque
843 3405 947 3474 sit;
973 3405 1074 3479 qui
1099 3405 1362 3461 Herculis
1384 3424 1666 3461 aerumnas
1686 3406 2050 3481 laboresque,
2073 3404 2487 3479 voluptatibus,
2509 3404 2717 3479 epulis,

577 3507 636 3552 et
652 3497 922 3553 mollibus
947 3497 1316 3572 Sardanapali
1334 3498 1524 3553 stratis
1548 3508 1878 3572 anteponat.
1900 3500 2099 3555 Doceo
2125 3509 2179 3553 te
2205 3496 2533 3553 felicitatem
2553 3495 2715 3571 cujus

577 3600 645 3644 tu
683 3588 888 3644 artifex
933 3588 1040 3644 tibi
1083 3608 1200 3644 esse
1237 3586 1454 3663 possis:
1486 3588 1654 3645 unica
1694 3590 1841 3646 ratio
1889 3589 2253 3647 traducendae
2297 3608 2400 3663 per
2434 3608 2715 3645 summam

581 3678 1053 3753 tranquillitatem
1093 3679 1226 3734 vitae
1263 3689 1350 3734 est
1380 3678 1581 3734 virtus
1623 3680 1676 3736 Ο
1718 3683 2009 3749 Fortuna,
2046 3682 2261 3736 nullam
2298 3680 2417 3734 vim
2457 3678 2714 3735 divinam

575 3772 784 3842 habes,
820 3773 867 3827 si
905 3790 1173 3847 regamur
1198 3770 1538 3844 prudentia3
1581 3789 1687 3827 nos
1720 3782 1777 3827 te
1807 3776 1985 3831 Deam
2020 3772 2290 3844 facimus3
2322 3790 2427 3828 nos
2467 3783 2525 3829 te
2562 3772 2719 3829 inter

579 3884 817 3940 superos
842 3866 1205 3921 collocamus.

1150 4156 2154 4193 ψ--οο
