3050 4884
739 562 1237 650 SATIRAE
1297 561 1995 653 UNDECIMAE

1031 744 1701 801 ARGUMENTUM.

735 940 892 1003 lauta
911 953 1234 1017 reprobamus
1253 955 1508 1015 convivia,
1534 970 1681 1019 parca
1702 944 1997 1019 probamus)

391 1040 544 1087 Lauta
565 1034 932 1101 reprendantur
959 1036 1053 1103 (al.
1083 1034 1533 1103 reprehenduntur)
1558 1037 1815 1099 convivia,
1840 1054 1987 1101 parea
2012 1038 2305 1103 probantur.

363 1230 562 1265 buxin·
585 1243 655 1253 -
683 1231 760 1265 DB
788 1230 1234 1267 ΕΟΠΡΔΒΔΖΙΊΟΠΒ
1259 1230 1468 1267 vlcrtn.
1494 1240 1569 1253 ⁶-
1596 1230 1661 1265 nt
1688 1230 2033 1267 Luxumosoa
2062 1232 2125 1267 11
2150 1232 2293 1267 cmo.
2312 1246 2381 1255 —

931 1313 1011 1347 ΑΙ)
1037 1312 1314 1348 runcum
1341 1312 1585 1349 Auleon
1607 1313 1785 1348 800¹·

757 1409 828 1419 —
871 1397 947 1430 DE
985 1395 1313 1431 SUPBBPLUO
1353 1395 1647 1431 APPABATU
1693 1396 1977 1433 cmotmu.

963 1483 992 1511 b

369 1544 659 1603 Juvenalis
689 1544 766 1601 ad
796 1546 1078 1622 frugalem
1112 1564 1328 1602 coenam
1363 1544 1656 1601 Persicum
1676 1587 1692 1615 ,
1726 1546 1974 1603 amicum
2002 1565 2199 1619 suum,
2228 1548 2441 1606 invita-

296 1649 457 1694 turus
496 1638 748 1712 primum
793 1637 1134 1713 perstringit
1164 1636 1468 1693 stultitiam
1506 1656 1709 1693 eorum
1731 1679 1747 1708 ,
1786 1639 1888 1713 qui
1925 1638 2199 1695 lautiores
2236 1654 2443 1716 parent

295 1732 515 1805 epulas,
555 1748 728 1805 quam
763 1729 1098 1787 facultatum
1135 1748 1370 1785 suarum
1411 1728 1623 1805 modus
1658 1730 1830 1803 ferat,
1876 1730 2096 1802 donec,
2134 1733 2441 1809 absumpto
2524 1766 2533 1775 ·

293 1822 458 1879 omni
477 1821 863 1897 patrimonio,
896 1821 1236 1898 redigantur
1271 1820 1346 1877 ad
1379 1820 1838 1893 mendicitatem,
1871 1842 1997 1899 quae
2034 1824 2129 1881 vel
2164 1824 2343 1881 vitam
2377 1846 2443 1883 ac

295 1916 656 1991 potissimum
673 1926 1027 1971 senectutem
1048 1914 1172 1990 ipsa
1193 1925 1382 1971 morte
1408 1914 1738 1990 graviorem
1762 1913 2000 1986 efficiat,
2032 1917 2125 1973 vel
2150 1936 2249 1973 eos
2274 1931 2445 1995 cogat

297 2007 482 2082 patria
519 2006 722 2063 cedere
741 2048 758 2077 ,
799 2026 874 2062 ne
919 2026 948 2061 a
999 2004 1386 2063 creditoribus
1427 2023 1575 2080 saepe
1624 2006 1794 2063 elusis
1836 2008 2441 2083 comprehendantur,

297 2118 380 2155 vs.
406 2096 614 2157 1—55.
634 2099 860 2167 Quibus
880 2097 1184 2174 praemissis
1199 2139 1217 2170 ,
1242 2097 1459 2153 fercula
1477 2116 1509 2153 a
1532 2115 1592 2153 se
1619 2109 1816 2172 parata
1832 2138 1849 2169 ,
1866 2117 1979 2154 una
2004 2118 2137 2155 cum
2158 2102 2445 2175 supellec-

299 2192 400 2249 tile
442 2212 508 2248 ac
543 2190 850 2261 ministris,
891 2201 1167 2247 recenset.
1214 2188 1390 2245 Cibos
1426 2188 1570 2245 dicit
1600 2208 1719 2246 esse
1755 2190 2079 2266 inemptos,
2122 2203 2180 2249 et
2212 2194 2275 2249 iu
2308 2196 2446 2251 villa

298 2282 604 2341 Tiburtina
639 2292 838 2354 natos,
877 2282 1176 2339 hoedulum
1195 2321 1212 2352 ,
1243 2280 1547 2356 gallinam,
1582 2300 1723 2353 ova,
1752 2302 2087 2360 asparagos,
2117 2305 2288 2359 uvas,
2320 2289 2445 2362 pira

301 2386 360 2432 et
381 2376 526 2431 mala
541 2416 558 2444 ,
583 2394 708 2450 quae
729 2372 866 2431 olim
891 2373 1186 2431 luxuriosa
1211 2372 1388 2430 fuerit
1405 2394 1565 2431 coena
1586 2386 1913 2431 senatorum
1927 2419 1944 2446 ,
1971 2378 2451 2439 clarissimorum-

299 2484 415 2539 que
441 2465 714 2522 Romanae
741 2463 930 2541 gentis
949 2464 1253 2519 nominum
1268 2505 1284 2534 ,
1310 2464 1506 2535 Curii,
1532 2464 1874 2535 Fabiorum,
1901 2468 2168 2537 Catonis,
2198 2471 2447 2529 Scauro·-

298 2575 432 2613 rum
446 2597 464 2628 ,
489 2555 892 2612 Fabriciorum
918 2555 1282 2630 aliorumque
1299 2553 1616 2632 (56—92);
1644 2558 2057 2631 supellectilem
2080 2578 2203 2615 non
2221 2564 2449 2637 magni-

297 2648 502 2717 ficam,
536 2646 945 2717 testudineam,
976 2658 1338 2723 argenteam,
1377 2666 1640 2718 auream,
1674 2647 1935 2717 citream,
1978 2650 2071 2704 vel
2103 2650 2444 2722 eburneam,

297 2743 406 2801 sed
437 2740 787 2814 simplicem,
821 2756 1056 2809 aeream,
1089 2738 1368 2813 ligneam,
1402 2736 1671 2808 fictilem,
1708 2756 1959 2807 osseam,
1990 2759 2211 2797 mensas
2242 2763 2451 2801 nuceas

302 2846 365 2893 et
395 2832 556 2890 domi
584 2842 744 2887 natas
778 2828 1147 2907 (94—135);
1181 2848 1399 2901 servos,
1435 2848 1559 2886 non
1594 2830 1783 2904 perite
1818 2832 2058 2906 opsonia
2096 2833 2447 2912 scindentes,

303 2947 414 2985 nee
441 2925 780 3002 peregrinos
809 2935 866 2979 et
898 2942 1028 2979 care
1057 2933 1314 2999 emptos,
1350 2923 1444 2977 vel
1484 2922 1633 2977 bene
1661 2934 1952 2997 comptos,
1980 2937 2217 2984 ornatos
2248 2940 2307 2985 et
2334 2930 2447 2988 do—

304 3034 464 3092 ctos,
500 3019 602 3077 sed
631 3017 803 3075 rudes
831 3029 887 3074 et
917 3018 1114 3087 italos,
1148 3016 1395 3090 pastoris
1421 3027 1477 3072 et
1503 3016 1743 3073 bubulci
1776 3016 1955 3090 filios,
1990 3020 2227 3079 indutos
2258 3044 2447 3085 crasso

227 3164 238 3175 ,
305 3112 627 3187 eodemque
661 3110 898 3180 vestitu,
932 3127 1038 3165 nec
1072 3108 1182 3165 nisi
1213 3128 1368 3165 nunc
1397 3120 1641 3184 propter
1668 3111 1933 3167 convivia
1956 3132 2163 3187 pexos,
2193 3130 2252 3173 at
2278 3118 2447 3195 inge-

305 3202 412 3260 nui
433 3204 625 3259 vultus
651 3220 716 3257 ac
741 3200 1010 3277 pudoris,
1040 3211 1222 3257 castos
1245 3212 1302 3256 et
1321 3200 1577 3257 libidinis
1594 3201 1857 3279 ignaros,
1880 3205 1983 3279 qui
2004 3206 2144 3263 viles
2169 3210 2368 3267 calices
2390 3224 2449 3267 et

307 3296 442 3351 vina
471 3293 650 3370 patria
677 3293 1004 3369 porrecturi
1025 3294 1167 3361 sint,
1201 3292 1527 3349 136—161.
1562 3297 1843 3353 Praeterea
1866 3316 1989 3353 non
2017 3300 2251 3357 lascivas
2279 3304 2445 3360 salta-

307 3388 497 3444 tiones
529 3398 587 3443 et
616 3388 923 3443 cantilenas
961 3384 1374 3441 Gaditauamm
1403 3387 1727 3461 puellarum
1746 3431 1763 3459 ,
1804 3389 1909 3446 sed
1946 3392 2275 3450 honestiora
2306 3398 2448 3453 Per—

303 3480 429 3536 sico
456 3477 745 3552 promittit
765 3486 1110 3548 acroamata,
1133 3476 1495 3535 recitationes
1525 3481 1845 3537 carminum
1870 3482 2111 3539 Homeri
2132 3495 2191 3540 et
2219 3486 2443 3545 altisoni

309 3569 605 3639 Maronis,
635 3568 963 3625 162—180.
996 3568 1262 3643 Denique
1287 3569 1360 3624 ab
1381 3571 1569 3628 amico
1590 3574 1769 3649 petit,
1803 3584 1869 3630 ut
1902 3576 2171 3633 omnibus
2203 3578 2447 3641 dimissis

309 3662 466 3721 curis
509 3662 678 3717 hilari
717 3661 909 3716 animo
952 3670 1044 3730 et,
1094 3660 1233 3717 dum
1275 3662 1463 3717 omnis
1503 3664 1687 3719 Roma
1728 3665 1805 3721 ad
1837 3664 2007 3721 ludos
2042 3668 2447 3745 Megalesiacos

305 3754 650 3831 spectandos
679 3756 740 3810 in
772 3754 988 3809 circum
1019 3753 1198 3809 effusa
1225 3753 1326 3824 sit,
1361 3753 1482 3826 jam
1507 3766 1665 3811 sexta
1690 3757 1837 3812 hora
1870 3757 2063 3814 veniat
2088 3782 2101 3815 ε
2130 3762 2291 3836 quod
2323 3766 2447 3823 sine

307 3846 537 3924 pudore
567 3844 694 3901 fieri
724 3864 889 3918 posse
922 3856 1143 3915 monet,
1188 3863 1369 3921 quum
1401 3864 1818 3920 nonnunquam
1844 3846 1925 3903 fas
1950 3848 2024 3904 sit
2054 3853 2225 3926 genio
2256 3854 2447 3911 indul—

303 3960 480 4019 gere,
509 3951 566 3997 et
593 3940 803 3996 rariori
819 3957 926 3995 usu
947 3941 1272 4013 voluptates
1301 3938 1799 4011 commendentur,
1826 3941 2151 4001 181-208,
