<?xml version="1.0" encoding="UTF-8"?>
<!DOCTYPE html PUBLIC "-//W3C//DTD XHTML 1.0 Transitional//EN"
    "http://www.w3.org/TR/xhtml1/DTD/xhtml1-transitional.dtd">
<html xmlns="http://www.w3.org/1999/xhtml" xml:lang="en" lang="en">
 <head>
  <title>
</title>
<meta http-equiv="Content-Type" content="text/html;charset=utf-8" />
  <meta name='ocr-system' content='tesseract 3.04.00' />
  <meta name='ocr-capabilities' content='ocr_page ocr_carea ocr_par ocr_line ocrx_word'/>
</head>
<body>
  <div class='ocr_page' id='page_1' title='image "./djuniijuvenalis00jouvgoog/djuniijuvenalis00jouvgoog_0253.png"; bbox 0 0 3050 4884; ppageno 0'>
   <div class='ocr_carea' id='block_1_1' title="bbox 496 366 2078 450">
    <p class='ocr_par' dir='ltr' id='par_1_1' title="bbox 496 366 2078 450">
     <span class='ocr_line' id='line_1_1' title="bbox 496 366 2078 450; baseline 0.003 -14"><span class='ocrx_word' id='word_1_1' title='bbox 496 374 624 450; x_wconf 76' lang='lat'><strong>248</strong></span> <span class='ocrx_word' id='word_1_2' title='bbox 1051 370 1137 438; x_wconf 89' lang='lat' dir='ltr'><strong>D.</strong></span> <span class='ocrx_word' id='word_1_3' title='bbox 1181 374 1459 439; x_wconf 77' lang='lat' dir='ltr'><strong>sum-1</strong></span> <span class='ocrx_word' id='word_1_4' title='bbox 1504 366 2078 441; x_wconf 71' lang='lat' dir='ltr'><strong>JUVENALIS</strong></span> 
     </span>
    </p>
   </div>
   <div class='ocr_carea' id='block_1_2' title="bbox 485 484 2638 2446">
    <p class='ocr_par' dir='ltr' id='par_1_2' title="bbox 488 484 2636 1024">
     <span class='ocr_line' id='line_1_2' title="bbox 490 484 2636 577; baseline 0.002 -24"><span class='ocrx_word' id='word_1_5' title='bbox 490 486 875 573; x_wconf 87' lang='lat' dir='ltr'><strong>Debueras,</strong></span> <span class='ocrx_word' id='word_1_6' title='bbox 909 484 1015 554; x_wconf 79' lang='lat' dir='ltr'><strong>vel</strong></span> <span class='ocrx_word' id='word_1_7' title='bbox 1053 510 1469 559; x_wconf 86' lang='lat' dir='ltr'><strong>marmoreus</strong></span> <span class='ocrx_word' id='word_1_8' title='bbox 1488 544 1508 577; x_wconf 89' lang='lat'><strong>,</strong></span> <span class='ocrx_word' id='word_1_9' title='bbox 1541 489 1646 559; x_wconf 85' lang='lat' dir='ltr'><strong>vel</strong></span> <span class='ocrx_word' id='word_1_10' title='bbox 1681 488 2014 561; x_wconf 78' lang='lat' dir='ltr'>aheneus?</span> <span class='ocrx_word' id='word_1_11' title='bbox 2047 504 2164 558; x_wconf 88' lang='lat' dir='ltr'><strong>aut</strong></span> <span class='ocrx_word' id='word_1_12' title='bbox 2195 514 2320 559; x_wconf 85' lang='lat' dir='ltr'><strong>cur</strong></span> <span class='ocrx_word' id='word_1_13' title='bbox 2537 501 2636 557; x_wconf 76' lang='lat'><strong>115</strong></span> 
     </span>
     <span class='ocr_line' id='line_1_3' title="bbox 488 598 1956 694; baseline 0.003 -29"><span class='ocrx_word' id='word_1_14' title='bbox 488 598 574 665; x_wconf 90' lang='lat' dir='ltr'><strong>In</strong></span> <span class='ocrx_word' id='word_1_15' title='bbox 610 598 898 666; x_wconf 82' lang='lat' dir='ltr'>carbone</span> <span class='ocrx_word' id='word_1_16' title='bbox 932 612 1057 667; x_wconf 87' lang='lat' dir='ltr'><strong>tuo</strong></span> <span class='ocrx_word' id='word_1_17' title='bbox 1082 600 1317 669; x_wconf 87' lang='lat' dir='ltr'><strong>charta</strong></span> <span class='ocrx_word' id='word_1_18' title='bbox 1353 601 1463 694; x_wconf 88' lang='lat' dir='ltr'><strong>pia</strong></span> <span class='ocrx_word' id='word_1_19' title='bbox 1501 600 1703 669; x_wconf 88' lang='lat' dir='ltr'><strong>thura</strong></span> <span class='ocrx_word' id='word_1_20' title='bbox 1739 600 1956 670; x_wconf 87' lang='lat' dir='ltr'><strong>soluta</strong></span> 
     </span>
     <span class='ocr_line' id='line_1_4' title="bbox 492 690 2255 808; baseline 0.002 -32"><span class='ocrx_word' id='word_1_21' title='bbox 492 707 819 777; x_wconf 90' lang='lat' dir='ltr'><strong>Ponimus</strong></span> <span class='ocrx_word' id='word_1_22' title='bbox 836 760 855 795; x_wconf 88' lang='lat'><strong><em>‚</em></strong></span> <span class='ocrx_word' id='word_1_23' title='bbox 890 724 959 779; x_wconf 89' lang='lat' dir='ltr'><strong>et</strong></span> <span class='ocrx_word' id='word_1_24' title='bbox 986 724 1241 778; x_wconf 89' lang='lat' dir='ltr'><strong>sectum</strong></span> <span class='ocrx_word' id='word_1_25' title='bbox 1270 690 1467 778; x_wconf 76' lang='lat' dir='ltr'><strong>vituli</strong></span> <span class='ocrx_word' id='word_1_26' title='bbox 1492 710 1711 803; x_wconf 84' lang='lat' dir='ltr'><strong>jecur,</strong></span> <span class='ocrx_word' id='word_1_27' title='bbox 1745 708 2026 804; x_wconf 86' lang='lat' dir='ltr'><strong>albaque</strong></span> <span class='ocrx_word' id='word_1_28' title='bbox 2062 710 2255 808; x_wconf 85' lang='lat' dir='ltr'><strong>porci</strong></span> 
     </span>
     <span class='ocr_line' id='line_1_5' title="bbox 494 816 2422 913; baseline 0.001 -28"><span class='ocrx_word' id='word_1_29' title='bbox 494 816 833 913; x_wconf 76' lang='lat' dir='ltr'><strong>Omenta?</strong></span> <span class='ocrx_word' id='word_1_30' title='bbox 866 833 943 888; x_wconf 91' lang='lat' dir='ltr'><strong>ut</strong></span> <span class='ocrx_word' id='word_1_31' title='bbox 965 818 1201 905; x_wconf 87' lang='lat' dir='ltr'><strong>vide0,</strong></span> <span class='ocrx_word' id='word_1_32' title='bbox 1231 817 1492 887; x_wconf 90' lang='lat' dir='ltr'><strong>nullum</strong></span> <span class='ocrx_word' id='word_1_33' title='bbox 1521 819 1883 891; x_wconf 83' lang='lat' dir='ltr'><strong>discrimen</strong></span> <span class='ocrx_word' id='word_1_34' title='bbox 1909 819 2296 889; x_wconf 89' lang='lat' dir='ltr'><strong>habendum</strong></span> <span class='ocrx_word' id='word_1_35' title='bbox 2324 832 2422 887; x_wconf 87' lang='lat' dir='ltr'><strong>est</strong></span> 
     </span>
     <span class='ocr_line' id='line_1_6' title="bbox 490 925 2110 1024; baseline 0.004 -30"><span class='ocrx_word' id='word_1_36' title='bbox 490 925 767 1022; x_wconf 83' lang='lat' dir='ltr'><strong>Effigies</strong></span> <span class='ocrx_word' id='word_1_37' title='bbox 800 929 974 998; x_wconf 82' lang='lat' dir='ltr'><strong>inter</strong></span> <span class='ocrx_word' id='word_1_38' title='bbox 1000 943 1255 999; x_wconf 85' lang='lat' dir='ltr'><strong>vestras</strong></span> <span class='ocrx_word' id='word_1_39' title='bbox 1272 981 1293 1017; x_wconf 89' lang='lat'><strong>,</strong></span> <span class='ocrx_word' id='word_1_40' title='bbox 1324 942 1746 1024; x_wconf 82' lang='lat' dir='ltr'><strong>statuamque</strong></span> <span class='ocrx_word' id='word_1_41' title='bbox 1771 926 2053 1023; x_wconf 76' lang='lat' dir='ltr'><strong>Vagelli.</strong></span> <span class='ocrx_word' id='word_1_42' title='bbox 2074 957 2110 991; x_wconf 80' lang='lat'><strong>»</strong></span> 
     </span>
    </p>

    <p class='ocr_par' dir='ltr' id='par_1_3' title="bbox 485 1038 2638 2446">
     <span class='ocr_line' id='line_1_7' title="bbox 592 1038 2638 1133; baseline -0.002 -26"><span class='ocrx_word' id='word_1_43' title='bbox 592 1039 844 1130; x_wconf 83' lang='lat' dir='ltr'><strong>Accipe</strong></span> <span class='ocrx_word' id='word_1_44' title='bbox 860 1091 879 1125; x_wconf 91' lang='lat'><strong>,</strong></span> <span class='ocrx_word' id='word_1_45' title='bbox 911 1064 1063 1133; x_wconf 81' lang='lat' dir='ltr'><strong>quae</strong></span> <span class='ocrx_word' id='word_1_46' title='bbox 1093 1054 1331 1109; x_wconf 85' lang='lat' dir='ltr'><strong>contra</strong></span> <span class='ocrx_word' id='word_1_47' title='bbox 1360 1038 1576 1109; x_wconf 87' lang='lat' dir='ltr'><strong>valeat</strong></span> <span class='ocrx_word' id='word_1_48' title='bbox 1601 1038 1834 1110; x_wconf 88' lang='lat' dir='ltr'><strong>solatia</strong></span> <span class='ocrx_word' id='word_1_49' title='bbox 1863 1039 2036 1108; x_wconf 87' lang='lat' dir='ltr'><strong>ferre</strong></span> <span class='ocrx_word' id='word_1_50' title='bbox 2055 1090 2078 1124; x_wconf 90' lang='lat'>,</span> <span class='ocrx_word' id='word_1_51' title='bbox 2541 1066 2638 1103; x_wconf 76' lang='lat'><strong>120</strong></span> 
     </span>
     <span class='ocr_line' id='line_1_8' title="bbox 489 1146 2193 1244; baseline -0.001 -29"><span class='ocrx_word' id='word_1_52' title='bbox 489 1148 582 1215; x_wconf 90' lang='lat' dir='ltr'><strong>Et</strong></span> <span class='ocrx_word' id='word_1_53' title='bbox 612 1148 729 1241; x_wconf 91' lang='lat' dir='ltr'><strong>qui</strong></span> <span class='ocrx_word' id='word_1_54' title='bbox 764 1172 890 1217; x_wconf 90' lang='lat' dir='ltr'><strong>nec</strong></span> <span class='ocrx_word' id='word_1_55' title='bbox 920 1149 1247 1243; x_wconf 85' lang='lat' dir='ltr'><strong>Cynicos,</strong></span> <span class='ocrx_word' id='word_1_56' title='bbox 1279 1172 1409 1219; x_wconf 89' lang='lat' dir='ltr'><strong>nec</strong></span> <span class='ocrx_word' id='word_1_57' title='bbox 1433 1151 1660 1219; x_wconf 86' lang='lat' dir='ltr'><strong>Stoica</strong></span> <span class='ocrx_word' id='word_1_58' title='bbox 1685 1149 2002 1244; x_wconf 77' lang='lat' dir='ltr'><strong>dogmata</strong></span> <span class='ocrx_word' id='word_1_59' title='bbox 2027 1146 2193 1243; x_wconf 79' lang='lat' dir='ltr'><strong>legit</strong></span> 
     </span>
     <span class='ocr_line' id='line_1_9' title="bbox 486 1256 2044 1353; baseline 0.002 -28"><span class='ocrx_word' id='word_1_60' title='bbox 486 1256 551 1325; x_wconf 88' lang='lat' dir='ltr'>A</span> <span class='ocrx_word' id='word_1_61' title='bbox 574 1256 846 1348; x_wconf 82' lang='lat' dir='ltr'><strong>Cynicis</strong></span> <span class='ocrx_word' id='word_1_62' title='bbox 874 1258 1104 1327; x_wconf 89' lang='lat' dir='ltr'><strong>tunica</strong></span> <span class='ocrx_word' id='word_1_63' title='bbox 1130 1257 1475 1347; x_wconf 81' lang='lat' dir='ltr'><strong>distantia,</strong></span> <span class='ocrx_word' id='word_1_64' title='bbox 1500 1285 1642 1329; x_wconf 90' lang='lat' dir='ltr'><strong>non</strong></span> <span class='ocrx_word' id='word_1_65' title='bbox 1669 1259 2044 1353; x_wconf 87' lang='lat' dir='ltr'><strong>Epicurum</strong></span> 
     </span>
     <span class='ocr_line' id='line_1_10' title="bbox 489 1366 1983 1463; baseline 0.003 -28"><span class='ocrx_word' id='word_1_66' title='bbox 489 1366 787 1459; x_wconf 90' lang='lat' dir='ltr'><strong>Suspicit</strong></span> <span class='ocrx_word' id='word_1_67' title='bbox 816 1368 1039 1461; x_wconf 82' lang='lat' dir='ltr'><strong>exigui</strong></span> <span class='ocrx_word' id='word_1_68' title='bbox 1069 1367 1291 1439; x_wconf 84' lang='lat' dir='ltr'><strong>laetum</strong></span> <span class='ocrx_word' id='word_1_69' title='bbox 1327 1368 1744 1463; x_wconf 83' lang='lat' dir='ltr'><strong>plantaribus</strong></span> <span class='ocrx_word' id='word_1_70' title='bbox 1776 1370 1983 1439; x_wconf 86' lang='lat' dir='ltr'><strong>horti.</strong></span> 
     </span>
     <span class='ocr_line' id='line_1_11' title="bbox 490 1474 2009 1571; baseline -0.001 -26"><span class='ocrx_word' id='word_1_71' title='bbox 490 1478 833 1545; x_wconf 89' lang='lat' dir='ltr'><strong>Curentur</strong></span> <span class='ocrx_word' id='word_1_72' title='bbox 860 1474 1047 1545; x_wconf 91' lang='lat' dir='ltr'><strong>dubii</strong></span> <span class='ocrx_word' id='word_1_73' title='bbox 1082 1476 1361 1547; x_wconf 91' lang='lat' dir='ltr'><strong>medicis</strong></span> <span class='ocrx_word' id='word_1_74' title='bbox 1399 1477 1772 1569; x_wconf 88' lang='lat' dir='ltr'><strong>majoribus</strong></span> <span class='ocrx_word' id='word_1_75' title='bbox 1807 1478 2009 1571; x_wconf 82' lang='lat' dir='ltr'><strong>aegri3</strong></span> 
     </span>
     <span class='ocr_line' id='line_1_12' title="bbox 490 1584 2637 1681; baseline 0.002 -30"><span class='ocrx_word' id='word_1_76' title='bbox 490 1586 597 1652; x_wconf 94' lang='lat' dir='ltr'><strong>Tu</strong></span> <span class='ocrx_word' id='word_1_77' title='bbox 622 1610 863 1653; x_wconf 85' lang='lat' dir='ltr'><strong>venam</strong></span> <span class='ocrx_word' id='word_1_78' title='bbox 888 1584 993 1655; x_wconf 81' lang='lat' dir='ltr'><strong>vel</strong></span> <span class='ocrx_word' id='word_1_79' title='bbox 1022 1586 1351 1681; x_wconf 89' lang='lat' dir='ltr'><strong>discipulo</strong></span> <span class='ocrx_word' id='word_1_80' title='bbox 1383 1589 1730 1657; x_wconf 86' lang='lat' dir='ltr'><strong>committe</strong></span> <span class='ocrx_word' id='word_1_81' title='bbox 1757 1586 2074 1681; x_wconf 86' lang='lat' dir='ltr'><strong>Philippi.</strong></span> <span class='ocrx_word' id='word_1_82' title='bbox 2541 1596 2637 1650; x_wconf 77' lang='lat'><strong>125</strong></span> 
     </span>
     <span class='ocr_line' id='line_1_13' title="bbox 489 1692 2046 1767; baseline 0.003 -4"><span class='ocrx_word' id='word_1_83' title='bbox 489 1693 563 1763; x_wconf 94' lang='lat' dir='ltr'><strong>Si</strong></span> <span class='ocrx_word' id='word_1_84' title='bbox 594 1692 855 1765; x_wconf 87' lang='lat' dir='ltr'><strong>nullum</strong></span> <span class='ocrx_word' id='word_1_85' title='bbox 888 1695 959 1763; x_wconf 89' lang='lat' dir='ltr'><strong>in</strong></span> <span class='ocrx_word' id='word_1_86' title='bbox 986 1696 1177 1766; x_wconf 89' lang='lat' dir='ltr'><strong>terris</strong></span> <span class='ocrx_word' id='word_1_87' title='bbox 1206 1712 1343 1766; x_wconf 86' lang='lat' dir='ltr'><strong>tam</strong></span> <span class='ocrx_word' id='word_1_88' title='bbox 1372 1695 1760 1767; x_wconf 84' lang='lat' dir='ltr'><strong>detestabile</strong></span> <span class='ocrx_word' id='word_1_89' title='bbox 1785 1698 2046 1767; x_wconf 82' lang='lat' dir='ltr'><strong>factum</strong></span> 
     </span>
     <span class='ocr_line' id='line_1_14' title="bbox 489 1803 2110 1901; baseline 0.003 -31"><span class='ocrx_word' id='word_1_90' title='bbox 489 1803 840 1894; x_wconf 81' lang='lat' dir='ltr'><strong>OstendiS,</strong></span> <span class='ocrx_word' id='word_1_91' title='bbox 877 1820 1105 1893; x_wconf 89' lang='lat' dir='ltr'><strong>taceo;</strong></span> <span class='ocrx_word' id='word_1_92' title='bbox 1150 1831 1279 1875; x_wconf 82' lang='lat' dir='ltr'><strong>nec</strong></span> <span class='ocrx_word' id='word_1_93' title='bbox 1307 1807 1553 1901; x_wconf 83' lang='lat' dir='ltr'><strong>pugnis</strong></span> <span class='ocrx_word' id='word_1_94' title='bbox 1581 1807 1838 1875; x_wconf 85' lang='lat' dir='ltr'><strong>oaedere</strong></span> <span class='ocrx_word' id='word_1_95' title='bbox 1865 1822 2110 1901; x_wconf 86' lang='lat' dir='ltr'><strong>pectus</strong></span> 
     </span>
     <span class='ocr_line' id='line_1_15' title="bbox 488 1911 2200 2007; baseline 0.003 -28"><span class='ocrx_word' id='word_1_96' title='bbox 488 1912 587 1979; x_wconf 91' lang='lat' dir='ltr'><strong>Te</strong></span> <span class='ocrx_word' id='word_1_97' title='bbox 616 1927 800 2001; x_wconf 80' lang='lat' dir='ltr'><strong>vete,</strong></span> <span class='ocrx_word' id='word_1_98' title='bbox 839 1938 966 1982; x_wconf 86' lang='lat' dir='ltr'><strong>nec</strong></span> <span class='ocrx_word' id='word_1_99' title='bbox 997 1911 1199 2005; x_wconf 89' lang='lat' dir='ltr'><strong>plana</strong></span> <span class='ocrx_word' id='word_1_100' title='bbox 1224 1914 1464 1980; x_wconf 85' lang='lat' dir='ltr'><strong>faciem</strong></span> <span class='ocrx_word' id='word_1_101' title='bbox 1498 1914 1918 1983; x_wconf 87' lang='lat' dir='ltr'><strong>contundere</strong></span> <span class='ocrx_word' id='word_1_102' title='bbox 1945 1914 2200 2007; x_wconf 88' lang='lat' dir='ltr'><strong>palma,</strong></span> 
     </span>
     <span class='ocr_line' id='line_1_16' title="bbox 486 2018 2452 2117; baseline 0.002 -28"><span class='ocrx_word' id='word_1_103' title='bbox 486 2020 1059 2115; x_wconf 85' lang='lat' dir='ltr'><strong>Quandoquidem</strong></span> <span class='ocrx_word' id='word_1_104' title='bbox 1090 2034 1369 2113; x_wconf 87' lang='lat' dir='ltr'><strong>accepto</strong></span> <span class='ocrx_word' id='word_1_105' title='bbox 1400 2018 1772 2091; x_wconf 84' lang='lat' dir='ltr'><strong>claudenda</strong></span> <span class='ocrx_word' id='word_1_106' title='bbox 1797 2038 1899 2092; x_wconf 89' lang='lat' dir='ltr'><strong>est</strong></span> <span class='ocrx_word' id='word_1_107' title='bbox 1927 2024 2136 2117; x_wconf 84' lang='lat' dir='ltr'><strong>janua</strong></span> <span class='ocrx_word' id='word_1_108' title='bbox 2163 2022 2407 2093; x_wconf 83' lang='lat' dir='ltr'><strong>damno</strong></span> <span class='ocrx_word' id='word_1_109' title='bbox 2428 2075 2452 2111; x_wconf 86' lang='lat'>,</span> 
     </span>
     <span class='ocr_line' id='line_1_17' title="bbox 486 2129 2634 2225; baseline 0.001 -26"><span class='ocrx_word' id='word_1_110' title='bbox 486 2133 581 2199; x_wconf 89' lang='lat' dir='ltr'><strong>Et</strong></span> <span class='ocrx_word' id='word_1_111' title='bbox 608 2131 863 2225; x_wconf 91' lang='lat' dir='ltr'><strong>majore</strong></span> <span class='ocrx_word' id='word_1_112' title='bbox 890 2130 1131 2199; x_wconf 91' lang='lat' dir='ltr'><strong>domus</strong></span> <span class='ocrx_word' id='word_1_113' title='bbox 1159 2130 1409 2224; x_wconf 85' lang='lat' dir='ltr'><strong>gemitu</strong></span> <span class='ocrx_word' id='word_1_114' title='bbox 1425 2183 1446 2217; x_wconf 89' lang='lat'>,</span> <span class='ocrx_word' id='word_1_115' title='bbox 1485 2129 1744 2224; x_wconf 87' lang='lat' dir='ltr'><strong>majore</strong></span> <span class='ocrx_word' id='word_1_116' title='bbox 1770 2132 2066 2204; x_wconf 87' lang='lat' dir='ltr'><strong>tumultu</strong></span> <span class='ocrx_word' id='word_1_117' title='bbox 2535 2147 2634 2201; x_wconf 69' lang='lat'><strong>130</strong></span> 
     </span>
     <span class='ocr_line' id='line_1_18' title="bbox 492 2237 2284 2336; baseline 0.002 -27"><span class='ocrx_word' id='word_1_118' title='bbox 492 2237 922 2336; x_wconf 80' lang='lat' dir='ltr'><strong>Planguntur</strong></span> <span class='ocrx_word' id='word_1_119' title='bbox 953 2242 1179 2328; x_wconf 89' lang='lat' dir='ltr'><strong>numi,</strong></span> <span class='ocrx_word' id='word_1_120' title='bbox 1210 2265 1411 2335; x_wconf 89' lang='lat' dir='ltr'><strong>quam</strong></span> <span class='ocrx_word' id='word_1_121' title='bbox 1441 2239 1700 2311; x_wconf 84' lang='lat' dir='ltr'><strong>funera.</strong></span> <span class='ocrx_word' id='word_1_122' title='bbox 1731 2243 1952 2313; x_wconf 84' lang='lat' dir='ltr'><strong>Nemo</strong></span> <span class='ocrx_word' id='word_1_123' title='bbox 1979 2241 2284 2312; x_wconf 86' lang='lat' dir='ltr'><strong>dolorem</strong></span> 
     </span>
     <span class='ocr_line' id='line_1_19' title="bbox 485 2350 2196 2446; baseline 0.003 -29"><span class='ocrx_word' id='word_1_124' title='bbox 485 2350 715 2446; x_wconf 84' lang='lat' dir='ltr'><strong>Fingit</strong></span> <span class='ocrx_word' id='word_1_125' title='bbox 739 2353 811 2419; x_wconf 91' lang='lat' dir='ltr'><strong>in</strong></span> <span class='ocrx_word' id='word_1_126' title='bbox 841 2351 975 2421; x_wconf 90' lang='lat' dir='ltr'><strong>hoc</strong></span> <span class='ocrx_word' id='word_1_127' title='bbox 1004 2375 1193 2440; x_wconf 88' lang='lat' dir='ltr'><strong>casu,</strong></span> <span class='ocrx_word' id='word_1_128' title='bbox 1220 2366 1473 2422; x_wconf 84' lang='lat' dir='ltr'><strong>vestem</strong></span> <span class='ocrx_word' id='word_1_129' title='bbox 1501 2350 1834 2425; x_wconf 89' lang='lat' dir='ltr'><strong>deducere</strong></span> <span class='ocrx_word' id='word_1_130' title='bbox 1869 2376 2196 2423; x_wconf 87' lang='lat' dir='ltr'><strong>summam</strong></span> 
     </span>
    </p>
   </div>
   <div class='ocr_carea' id='block_1_3' title="bbox 472 2546 2688 4185">
    <p class='ocr_par' dir='ltr' id='par_1_4' title="bbox 480 2546 2688 2990">
     <span class='ocr_line' id='line_1_20' title="bbox 484 2546 2688 2624; baseline -0.002 -21"><span class='ocrx_word' id='word_1_131' title='bbox 484 2555 741 2617; x_wconf 68' lang='lat' dir='ltr'><strong>tantem,</strong></span> <span class='ocrx_word' id='word_1_132' title='bbox 774 2564 883 2605; x_wconf 89' lang='lat' dir='ltr'><strong>uec</strong></span> <span class='ocrx_word' id='word_1_133' title='bbox 910 2546 1074 2603; x_wconf 84' lang='lat' dir='ltr'><strong>labra</strong></span> <span class='ocrx_word' id='word_1_134' title='bbox 1091 2550 1318 2605; x_wconf 74' lang='lat' dir='ltr'><strong>moves!</strong></span> <span class='ocrx_word' id='word_1_135' title='bbox 1348 2558 1409 2605; x_wconf 83' lang='lat' dir='ltr'><strong>at</strong></span> <span class='ocrx_word' id='word_1_136' title='bbox 1432 2546 1600 2624; x_wconf 81' lang='lat' dir='ltr'><strong>loqui</strong></span> <span class='ocrx_word' id='word_1_137' title='bbox 1620 2558 1681 2607; x_wconf 88' lang='lat' dir='ltr'><strong>et</strong></span> <span class='ocrx_word' id='word_1_138' title='bbox 1708 2551 2028 2607; x_wconf 82' lang='lat' dir='ltr'><strong>exclamare</strong></span> <span class='ocrx_word' id='word_1_139' title='bbox 2047 2558 2201 2606; x_wconf 87' lang='lat' dir='ltr'><strong>certe</strong></span> <span class='ocrx_word' id='word_1_140' title='bbox 2224 2588 2242 2619; x_wconf 92' lang='lat'><strong>,</strong></span> <span class='ocrx_word' id='word_1_141' title='bbox 2274 2546 2410 2603; x_wconf 82' lang='lat' dir='ltr'><strong>licet</strong></span> <span class='ocrx_word' id='word_1_142' title='bbox 2427 2562 2498 2601; x_wconf 82' lang='lat' dir='ltr'><strong>ex</strong></span> <span class='ocrx_word' id='word_1_143' title='bbox 2519 2560 2630 2600; x_wconf 81' lang='lat' dir='ltr'><strong>aere</strong></span> <span class='ocrx_word' id='word_1_144' title='bbox 2681 2547 2688 2556; x_wconf 94' lang='grc'><em>“</em></span> 
     </span>
     <span class='ocr_line' id='line_1_21' title="bbox 484 2634 2631 2719; baseline 0 -26"><span class='ocrx_word' id='word_1_145' title='bbox 484 2634 769 2694; x_wconf 80' lang='lat' dir='ltr'><strong>conflatus</strong></span> <span class='ocrx_word' id='word_1_146' title='bbox 796 2650 897 2695; x_wconf 80' lang='lat' dir='ltr'><strong>aut</strong></span> <span class='ocrx_word' id='word_1_147' title='bbox 916 2658 1237 2712; x_wconf 82' lang='lat' dir='ltr'><strong>marmore,</strong></span> <span class='ocrx_word' id='word_1_148' title='bbox 1266 2641 1582 2699; x_wconf 83' lang='lat' dir='ltr'><strong>debueras:</strong></span> <span class='ocrx_word' id='word_1_149' title='bbox 1611 2660 1717 2699; x_wconf 87' lang='lat' dir='ltr'><strong>cur</strong></span> <span class='ocrx_word' id='word_1_150' title='bbox 1743 2661 1884 2719; x_wconf 81' lang='lat' dir='ltr'><strong>ergo</strong></span> <span class='ocrx_word' id='word_1_151' title='bbox 1907 2641 1981 2699; x_wconf 83' lang='lat' dir='ltr'><strong>ad</strong></span> <span class='ocrx_word' id='word_1_152' title='bbox 2001 2660 2126 2699; x_wconf 75' lang='lat' dir='ltr'><strong>aras</strong></span> <span class='ocrx_word' id='word_1_153' title='bbox 2143 2639 2252 2697; x_wconf 83' lang='lat' dir='ltr'><strong>tibi</strong></span> <span class='ocrx_word' id='word_1_154' title='bbox 2274 2646 2631 2696; x_wconf 72' lang='lat' dir='ltr'><strong>consecratas</strong></span> 
     </span>
     <span class='ocr_line' id='line_1_22' title="bbox 482 2728 2632 2805; baseline -0 -19"><span class='ocrx_word' id='word_1_155' title='bbox 482 2730 595 2805; x_wconf 77' lang='lat' dir='ltr'><strong>piis</strong></span> <span class='ocrx_word' id='word_1_156' title='bbox 624 2731 803 2789; x_wconf 79' lang='lat' dir='ltr'><strong>effusa</strong></span> <span class='ocrx_word' id='word_1_157' title='bbox 838 2733 1049 2790; x_wconf 78' lang='lat' dir='ltr'><strong>chartis</strong></span> <span class='ocrx_word' id='word_1_158' title='bbox 1075 2734 1371 2791; x_wconf 76' lang='lat' dir='ltr'><strong>adolemus</strong></span> <span class='ocrx_word' id='word_1_159' title='bbox 1411 2734 1580 2790; x_wconf 82' lang='lat' dir='ltr'><strong>thura</strong></span> <span class='ocrx_word' id='word_1_160' title='bbox 1594 2772 1612 2804; x_wconf 86' lang='lat'><strong>,</strong></span> <span class='ocrx_word' id='word_1_161' title='bbox 1645 2752 1752 2789; x_wconf 89' lang='lat' dir='ltr'><strong>cur</strong></span> <span class='ocrx_word' id='word_1_162' title='bbox 1772 2734 1944 2791; x_wconf 79' lang='lat' dir='ltr'><strong>vituli</strong></span> <span class='ocrx_word' id='word_1_163' title='bbox 1981 2746 2110 2791; x_wconf 81' lang='lat' dir='ltr'><strong>exta</strong></span> <span class='ocrx_word' id='word_1_164' title='bbox 2127 2776 2144 2804; x_wconf 94' lang='lat'>,</span> <span class='ocrx_word' id='word_1_165' title='bbox 2169 2731 2440 2789; x_wconf 77' lang='lat' dir='ltr'><strong>intestina</strong></span> <span class='ocrx_word' id='word_1_166' title='bbox 2463 2728 2632 2805; x_wconf 87' lang='lat' dir='ltr'><strong>porci</strong></span> 
     </span>
     <span class='ocr_line' id='line_1_23' title="bbox 483 2820 2630 2899; baseline -0.001 -22"><span class='ocrx_word' id='word_1_167' title='bbox 483 2821 657 2877; x_wconf 75' lang='lat' dir='ltr'><strong>obesa</strong></span> <span class='ocrx_word' id='word_1_168' title='bbox 682 2820 1065 2893; x_wconf 79' lang='lat' dir='ltr'><strong>immolamus,</strong></span> <span class='ocrx_word' id='word_1_169' title='bbox 1082 2824 1132 2880; x_wconf 86' lang='lat' dir='ltr'><strong>si</strong></span> <span class='ocrx_word' id='word_1_170' title='bbox 1148 2825 1269 2879; x_wconf 81' lang='lat' dir='ltr'><strong>haec</strong></span> <span class='ocrx_word' id='word_1_171' title='bbox 1280 2824 1464 2880; x_wconf 84' lang='lat' dir='ltr'><strong>inulta</strong></span> <span class='ocrx_word' id='word_1_172' title='bbox 1480 2823 1735 2899; x_wconf 74' lang='lat' dir='ltr'><strong>pateris?</strong></span> <span class='ocrx_word' id='word_1_173' title='bbox 1753 2825 1850 2882; x_wconf 86' lang='lat' dir='ltr'><strong>Sic</strong></span> <span class='ocrx_word' id='word_1_174' title='bbox 1871 2835 1958 2881; x_wconf 78' lang='lat' dir='ltr'><strong>est</strong></span> <span class='ocrx_word' id='word_1_175' title='bbox 1971 2864 1988 2897; x_wconf 89' lang='lat'>‚</span> <span class='ocrx_word' id='word_1_176' title='bbox 2004 2825 2153 2880; x_wconf 85' lang='lat' dir='ltr'><strong>nihil</strong></span> <span class='ocrx_word' id='word_1_177' title='bbox 2169 2833 2373 2880; x_wconf 70' lang='lat' dir='ltr'><strong>vestrae</strong></span> <span class='ocrx_word' id='word_1_178' title='bbox 2385 2822 2630 2879; x_wconf 84' lang='lat' dir='ltr'><strong>deorum</strong></span> 
     </span>
     <span class='ocr_line' id='line_1_24' title="bbox 480 2914 1605 2990; baseline 0 -22"><span class='ocrx_word' id='word_1_179' title='bbox 480 2922 681 2969; x_wconf 73' lang='lat' dir='ltr'><strong>statuae</strong></span> <span class='ocrx_word' id='word_1_180' title='bbox 708 2934 745 2971; x_wconf 75' lang='lat' dir='ltr'><strong>a</strong></span> <span class='ocrx_word' id='word_1_181' title='bbox 764 2914 1012 2990; x_wconf 79' lang='lat' dir='ltr'><strong>Vageuii</strong></span> <span class='ocrx_word' id='word_1_182' title='bbox 1030 2915 1230 2971; x_wconf 71' lang='lat' dir='ltr'><strong>statuis</strong></span> <span class='ocrx_word' id='word_1_183' title='bbox 1258 2914 1560 2971; x_wconf 80' lang='lat' dir='ltr'><strong>differunt.</strong></span> <span class='ocrx_word' id='word_1_184' title='bbox 1579 2940 1605 2967; x_wconf 64' lang='lat' dir='ltr'>n</span> 
     </span>
    </p>

    <p class='ocr_par' dir='ltr' id='par_1_5' title="bbox 472 3002 2627 4185">
     <span class='ocr_line' id='line_1_25' title="bbox 566 3002 2627 3082; baseline -0.001 -21"><span class='ocrx_word' id='word_1_185' title='bbox 566 3023 698 3063; x_wconf 70' lang='lat' dir='ltr'><strong>rao.</strong></span> <span class='ocrx_word' id='word_1_186' title='bbox 738 3008 825 3063; x_wconf 81' lang='lat' dir='ltr'><strong>Ita</strong></span> <span class='ocrx_word' id='word_1_187' title='bbox 851 3018 918 3063; x_wconf 82' lang='lat' dir='ltr'><strong>tu</strong></span> <span class='ocrx_word' id='word_1_188' title='bbox 948 3008 1186 3082; x_wconf 86' lang='lat' dir='ltr'><strong>quidem</strong></span> <span class='ocrx_word' id='word_1_189' title='bbox 1206 3008 1462 3081; x_wconf 79' lang='lat' dir='ltr'><strong>Superos</strong></span> <span class='ocrx_word' id='word_1_190' title='bbox 1480 3005 1706 3062; x_wconf 73' lang='lat' dir='ltr'><strong>incusas</strong></span> <span class='ocrx_word' id='word_1_191' title='bbox 1729 3028 1744 3062; x_wconf 76' lang='grc' dir='ltr'><strong><em>ε</em></strong></span> <span class='ocrx_word' id='word_1_192' title='bbox 1769 3005 1906 3063; x_wconf 84' lang='lat' dir='ltr'><strong>audi</strong></span> <span class='ocrx_word' id='word_1_193' title='bbox 1923 3004 2178 3062; x_wconf 79' lang='lat' dir='ltr'><strong>vicissim</strong></span> <span class='ocrx_word' id='word_1_194' title='bbox 2206 3004 2459 3061; x_wconf 63' lang='lat' dir='ltr'><strong>rationes</strong></span> <span class='ocrx_word' id='word_1_195' title='bbox 2489 3002 2627 3077; x_wconf 81' lang='lat' dir='ltr'><strong>qui-</strong></span> 
     </span>
     <span class='ocr_line' id='line_1_26' title="bbox 477 3096 2627 3172; baseline -0.002 -17"><span class='ocrx_word' id='word_1_196' title='bbox 477 3097 591 3155; x_wconf 79' lang='lat' dir='ltr'><strong>bus</strong></span> <span class='ocrx_word' id='word_1_197' title='bbox 632 3106 797 3153; x_wconf 84' lang='lat' dir='ltr'><strong>tuum</strong></span> <span class='ocrx_word' id='word_1_198' title='bbox 834 3098 1012 3155; x_wconf 79' lang='lat' dir='ltr'><strong>solari</strong></span> <span class='ocrx_word' id='word_1_199' title='bbox 1051 3097 1345 3168; x_wconf 86' lang='lat' dir='ltr'><strong>dolorem,</strong></span> <span class='ocrx_word' id='word_1_200' title='bbox 1388 3108 1449 3154; x_wconf 83' lang='lat' dir='ltr'><strong>et</strong></span> <span class='ocrx_word' id='word_1_201' title='bbox 1486 3098 1756 3172; x_wconf 78' lang='lat' dir='ltr'><strong>querelas</strong></span> <span class='ocrx_word' id='word_1_202' title='bbox 1793 3114 2158 3172; x_wconf 75' lang='lat' dir='ltr'><strong>compescere</strong></span> <span class='ocrx_word' id='word_1_203' title='bbox 2195 3096 2454 3153; x_wconf 79' lang='lat' dir='ltr'><strong>conabor</strong></span> <span class='ocrx_word' id='word_1_204' title='bbox 2483 3113 2592 3171; x_wconf 75' lang='lat' dir='ltr'><strong>ego</strong></span> <span class='ocrx_word' id='word_1_205' title='bbox 2608 3136 2627 3165; x_wconf 89' lang='lat'><strong>,</strong></span> 
     </span>
     <span class='ocr_line' id='line_1_27' title="bbox 476 3186 2626 3265; baseline -0.001 -20"><span class='ocrx_word' id='word_1_206' title='bbox 476 3188 583 3265; x_wconf 88' lang='lat' dir='ltr'><strong>qui</strong></span> <span class='ocrx_word' id='word_1_207' title='bbox 608 3206 799 3264; x_wconf 83' lang='lat' dir='ltr'><strong>neque</strong></span> <span class='ocrx_word' id='word_1_208' title='bbox 837 3189 1191 3265; x_wconf 77' lang='lat' dir='ltr'><strong>Cynicorum</strong></span> <span class='ocrx_word' id='word_1_209' title='bbox 1224 3189 1448 3246; x_wconf 79' lang='lat' dir='ltr'><strong>scholas</strong></span> <span class='ocrx_word' id='word_1_210' title='bbox 1480 3188 1881 3264; x_wconf 74' lang='lat' dir='ltr'><strong>frequentavi,</strong></span> <span class='ocrx_word' id='word_1_211' title='bbox 1927 3206 2116 3262; x_wconf 81' lang='lat' dir='ltr'><strong>neque</strong></span> <span class='ocrx_word' id='word_1_212' title='bbox 2157 3186 2382 3263; x_wconf 80' lang='lat' dir='ltr'><strong>perlegi</strong></span> <span class='ocrx_word' id='word_1_213' title='bbox 2419 3186 2626 3261; x_wconf 84' lang='lat' dir='ltr'><strong>placita</strong></span> 
     </span>
     <span class='ocr_line' id='line_1_28' title="bbox 476 3276 2625 3356; baseline -0.004 -15"><span class='ocrx_word' id='word_1_214' title='bbox 476 3280 809 3341; x_wconf 84' lang='lat' dir='ltr'><strong>Stoicorum</strong></span> <span class='ocrx_word' id='word_1_215' title='bbox 827 3320 846 3351; x_wconf 92' lang='lat'><strong><em>‚</em></strong></span> <span class='ocrx_word' id='word_1_216' title='bbox 888 3298 1037 3355; x_wconf 73' lang='lat' dir='ltr'><strong>quos</strong></span> <span class='ocrx_word' id='word_1_217' title='bbox 1076 3280 1269 3337; x_wconf 83' lang='lat' dir='ltr'><strong>tunica</strong></span> <span class='ocrx_word' id='word_1_218' title='bbox 1298 3290 1525 3338; x_wconf 80' lang='lat' dir='ltr'><strong>tantum</strong></span> <span class='ocrx_word' id='word_1_219' title='bbox 1563 3283 1751 3340; x_wconf 82' lang='lat' dir='ltr'><strong>forma</strong></span> <span class='ocrx_word' id='word_1_220' title='bbox 1783 3280 1979 3356; x_wconf 85' lang='lat' dir='ltr'><strong>dispar</strong></span> <span class='ocrx_word' id='word_1_221' title='bbox 2004 3290 2066 3337; x_wconf 86' lang='lat' dir='ltr'><strong>et</strong></span> <span class='ocrx_word' id='word_1_222' title='bbox 2101 3278 2388 3337; x_wconf 73' lang='lat' dir='ltr'><strong>dissixnilis</strong></span> <span class='ocrx_word' id='word_1_223' title='bbox 2411 3276 2625 3335; x_wconf 80' lang='lat' dir='ltr'><strong>distin-</strong></span> 
     </span>
     <span class='ocr_line' id='line_1_29' title="bbox 474 3369 2627 3449; baseline -0.001 -20"><span class='ocrx_word' id='word_1_224' title='bbox 474 3371 603 3449; x_wconf 79' lang='lat' dir='ltr'><strong>guit</strong></span> <span class='ocrx_word' id='word_1_225' title='bbox 622 3392 655 3427; x_wconf 88' lang='lat' dir='ltr'><strong>a</strong></span> <span class='ocrx_word' id='word_1_226' title='bbox 683 3371 950 3449; x_wconf 75' lang='lat' dir='ltr'><strong>Cynicis3</strong></span> <span class='ocrx_word' id='word_1_227' title='bbox 977 3390 1167 3447; x_wconf 86' lang='lat' dir='ltr'><strong>neque</strong></span> <span class='ocrx_word' id='word_1_228' title='bbox 1192 3372 1506 3447; x_wconf 81' lang='lat' dir='ltr'><strong>Epicurum</strong></span> <span class='ocrx_word' id='word_1_229' title='bbox 1524 3374 1788 3431; x_wconf 82' lang='lat' dir='ltr'><strong>admiror</strong></span> <span class='ocrx_word' id='word_1_230' title='bbox 1813 3374 2071 3431; x_wconf 82' lang='lat' dir='ltr'><strong>oleribus</strong></span> <span class='ocrx_word' id='word_1_231' title='bbox 2098 3370 2324 3429; x_wconf 85' lang='lat' dir='ltr'><strong>hortuli</strong></span> <span class='ocrx_word' id='word_1_232' title='bbox 2345 3370 2436 3428; x_wconf 82' lang='lat' dir='ltr'><strong>sui</strong></span> <span class='ocrx_word' id='word_1_233' title='bbox 2454 3369 2627 3427; x_wconf 74' lang='lat' dir='ltr'><strong>victi-</strong></span> 
     </span>
     <span class='ocr_line' id='line_1_30' title="bbox 474 3462 2624 3541; baseline 0.001 -24"><span class='ocrx_word' id='word_1_234' title='bbox 474 3475 601 3521; x_wconf 83' lang='lat' dir='ltr'><strong>tare</strong></span> <span class='ocrx_word' id='word_1_235' title='bbox 633 3464 889 3521; x_wconf 79' lang='lat' dir='ltr'><strong>solitum.</strong></span> <span class='ocrx_word' id='word_1_236' title='bbox 927 3462 1161 3540; x_wconf 78' lang='lat' dir='ltr'><strong>AEgroti</strong></span> <span class='ocrx_word' id='word_1_237' title='bbox 1192 3463 1562 3540; x_wconf 78' lang='lat' dir='ltr'><strong>gravioribus</strong></span> <span class='ocrx_word' id='word_1_238' title='bbox 1589 3466 1868 3541; x_wconf 85' lang='lat' dir='ltr'><strong>implicati</strong></span> <span class='ocrx_word' id='word_1_239' title='bbox 1893 3465 2120 3523; x_wconf 82' lang='lat' dir='ltr'><strong>morbis.</strong></span> <span class='ocrx_word' id='word_1_240' title='bbox 2153 3464 2465 3523; x_wconf 65' lang='lat' dir='ltr'><strong>adhffieant</strong></span> <span class='ocrx_word' id='word_1_241' title='bbox 2487 3482 2624 3521; x_wconf 80' lang='lat' dir='ltr'><strong>sane</strong></span> 
     </span>
     <span class='ocr_line' id='line_1_31' title="bbox 474 3557 2624 3635; baseline 0.001 -24"><span class='ocrx_word' id='word_1_242' title='bbox 474 3557 731 3614; x_wconf 80' lang='lat' dir='ltr'><strong>medicos</strong></span> <span class='ocrx_word' id='word_1_243' title='bbox 774 3557 1195 3633; x_wconf 73' lang='lat' dir='ltr'><strong>praestantiores</strong></span> <span class='ocrx_word' id='word_1_244' title='bbox 1234 3575 1250 3611; x_wconf 72' lang='grc' dir='ltr'><strong><em>ε</em></strong></span> <span class='ocrx_word' id='word_1_245' title='bbox 1300 3568 1369 3614; x_wconf 85' lang='lat' dir='ltr'><strong>tu</strong></span> <span class='ocrx_word' id='word_1_246' title='bbox 1408 3559 1602 3617; x_wconf 85' lang='lat' dir='ltr'><strong>curari</strong></span> <span class='ocrx_word' id='word_1_247' title='bbox 1641 3561 1735 3616; x_wconf 76' lang='lat' dir='ltr'><strong>vel</strong></span> <span class='ocrx_word' id='word_1_248' title='bbox 1770 3581 1803 3616; x_wconf 82' lang='lat' dir='ltr'><strong>a</strong></span> <span class='ocrx_word' id='word_1_249' title='bbox 1849 3558 2101 3635; x_wconf 81' lang='lat' dir='ltr'><strong>Philippi</strong></span> <span class='ocrx_word' id='word_1_250' title='bbox 2143 3557 2427 3632; x_wconf 79' lang='lat' dir='ltr'><strong>discipulo</strong></span> <span class='ocrx_word' id='word_1_251' title='bbox 2469 3568 2624 3614; x_wconf 85' lang='lat' dir='ltr'><strong>recte</strong></span> 
     </span>
     <span class='ocr_line' id='line_1_32' title="bbox 472 3636 2624 3725; baseline 0.001 -22"><span class='ocrx_word' id='word_1_252' title='bbox 472 3646 673 3723; x_wconf 71' lang='lat' dir='ltr'><strong>possis.</strong></span> <span class='ocrx_word' id='word_1_253' title='bbox 700 3647 765 3705; x_wconf 86' lang='lat' dir='ltr'><strong>si</strong></span> <span class='ocrx_word' id='word_1_254' title='bbox 792 3651 1017 3705; x_wconf 80' lang='lat' dir='ltr'><strong>nullum</strong></span> <span class='ocrx_word' id='word_1_255' title='bbox 1042 3648 1263 3707; x_wconf 70' lang='lat' dir='ltr'><strong>facinus</strong></span> <span class='ocrx_word' id='word_1_256' title='bbox 1294 3648 1359 3705; x_wconf 87' lang='lat' dir='ltr'><strong>in</strong></span> <span class='ocrx_word' id='word_1_257' title='bbox 1382 3649 1556 3706; x_wconf 79' lang='lat' dir='ltr'><strong>terris</strong></span> <span class='ocrx_word' id='word_1_258' title='bbox 1586 3651 1751 3708; x_wconf 79' lang='lat' dir='ltr'><strong>vides</strong></span> <span class='ocrx_word' id='word_1_259' title='bbox 1779 3670 1912 3709; x_wconf 81' lang='lat' dir='ltr'><strong>cum</strong></span> <span class='ocrx_word' id='word_1_260' title='bbox 1937 3650 2037 3707; x_wconf 86' lang='lat' dir='ltr'><strong>illa</strong></span> <span class='ocrx_word' id='word_1_261' title='bbox 2065 3650 2152 3707; x_wconf 87' lang='lat' dir='ltr'><strong>tui</strong></span> <span class='ocrx_word' id='word_1_262' title='bbox 2185 3636 2358 3707; x_wconf 78' lang='lat' dir='ltr'><strong>amici</strong></span> <span class='ocrx_word' id='word_1_263' title='bbox 2379 3646 2624 3725; x_wconf 79' lang='lat' dir='ltr'><strong>perfidia</strong></span> 
     </span>
     <span class='ocr_line' id='line_1_33' title="bbox 472 3736 2625 3818; baseline 0 -22"><span class='ocrx_word' id='word_1_264' title='bbox 472 3739 955 3813; x_wconf 80' lang='lat' dir='ltr'><strong>comparandum,</strong></span> <span class='ocrx_word' id='word_1_265' title='bbox 976 3741 1126 3799; x_wconf 87' lang='lat' dir='ltr'><strong>nihil</strong></span> <span class='ocrx_word' id='word_1_266' title='bbox 1153 3759 1361 3798; x_wconf 65' lang='lat' dir='ltr'><strong>caussae</strong></span> <span class='ocrx_word' id='word_1_267' title='bbox 1392 3740 1560 3809; x_wconf 78' lang='lat' dir='ltr'><strong>dico.</strong></span> <span class='ocrx_word' id='word_1_268' title='bbox 1587 3736 1734 3817; x_wconf 78' lang='lat' dir='ltr'><strong>qu&#39;iu</strong></span> <span class='ocrx_word' id='word_1_269' title='bbox 1755 3742 1932 3801; x_wconf 81' lang='lat' dir='ltr'><strong>dedas</strong></span> <span class='ocrx_word' id='word_1_270' title='bbox 1959 3754 2018 3800; x_wconf 86' lang='lat' dir='ltr'><strong>te</strong></span> <span class='ocrx_word' id='word_1_271' title='bbox 2047 3741 2278 3818; x_wconf 83' lang='lat' dir='ltr'><strong>penitus</strong></span> <span class='ocrx_word' id='word_1_272' title='bbox 2309 3740 2534 3811; x_wconf 85' lang='lat' dir='ltr'><strong>dolori,</strong></span> <span class='ocrx_word' id='word_1_273' title='bbox 2563 3751 2625 3797; x_wconf 86' lang='lat' dir='ltr'><strong>et</strong></span> 
     </span>
     <span class='ocr_line' id='line_1_34' title="bbox 472 3831 2622 3914; baseline 0 -27"><span class='ocrx_word' id='word_1_274' title='bbox 472 3841 677 3914; x_wconf 63' lang='lat' dir='ltr'><strong>pectus</strong></span> <span class='ocrx_word' id='word_1_275' title='bbox 702 3851 769 3890; x_wconf 84' lang='lat' dir='ltr'><strong>ac</strong></span> <span class='ocrx_word' id='word_1_276' title='bbox 795 3835 1025 3893; x_wconf 82' lang='lat' dir='ltr'><strong>vultum</strong></span> <span class='ocrx_word' id='word_1_277' title='bbox 1045 3844 1293 3909; x_wconf 82' lang='lat' dir='ltr'><strong>utraque</strong></span> <span class='ocrx_word' id='word_1_278' title='bbox 1318 3852 1495 3891; x_wconf 84' lang='lat' dir='ltr'><strong>manu</strong></span> <span class='ocrx_word' id='word_1_279' title='bbox 1515 3835 1802 3909; x_wconf 82' lang='lat' dir='ltr'><strong>percutias</strong></span> <span class='ocrx_word' id='word_1_280' title='bbox 1823 3854 1889 3892; x_wconf 88' lang='lat' dir='ltr'><strong>ac</strong></span> <span class='ocrx_word' id='word_1_281' title='bbox 1919 3833 2186 3905; x_wconf 75' lang='lat' dir='ltr'><strong>dilanies;</strong></span> <span class='ocrx_word' id='word_1_282' title='bbox 2217 3832 2362 3907; x_wconf 84' lang='lat' dir='ltr'><strong>quin</strong></span> <span class='ocrx_word' id='word_1_283' title='bbox 2377 3831 2622 3888; x_wconf 83' lang='lat' dir='ltr'><strong>domum</strong></span> 
     </span>
     <span class='ocr_line' id='line_1_35' title="bbox 472 3917 2620 3999; baseline 0 -19"><span class='ocrx_word' id='word_1_284' title='bbox 472 3917 631 3981; x_wconf 79' lang='lat' dir='ltr'><strong>tuam</strong></span> <span class='ocrx_word' id='word_1_285' title='bbox 672 3925 967 3996; x_wconf 81' lang='lat' dir='ltr'><strong>occludas,</strong></span> <span class='ocrx_word' id='word_1_286' title='bbox 1006 3936 1073 3983; x_wconf 87' lang='lat' dir='ltr'><strong>ut</strong></span> <span class='ocrx_word' id='word_1_287' title='bbox 1108 3926 1177 3983; x_wconf 81' lang='lat' dir='ltr'><strong>fit</strong></span> <span class='ocrx_word' id='word_1_288' title='bbox 1215 3927 1279 3983; x_wconf 85' lang='lat' dir='ltr'><strong>iu</strong></span> <span class='ocrx_word' id='word_1_289' title='bbox 1314 3944 1542 3984; x_wconf 80' lang='lat' dir='ltr'><strong>summo</strong></span> <span class='ocrx_word' id='word_1_290' title='bbox 1576 3926 1737 3983; x_wconf 88' lang='lat' dir='ltr'><strong>luctu</strong></span> <span class='ocrx_word' id='word_1_291' title='bbox 1768 3938 1828 3983; x_wconf 88' lang='lat' dir='ltr'><strong>et</strong></span> <span class='ocrx_word' id='word_1_292' title='bbox 1868 3926 2170 3983; x_wconf 71' lang='lat' dir='ltr'><strong>funeribus</strong></span> <span class='ocrx_word' id='word_1_293' title='bbox 2210 3934 2514 3999; x_wconf 79' lang='lat' dir='ltr'><strong>parentum</strong></span> <span class='ocrx_word' id='word_1_294' title='bbox 2554 3941 2620 3980; x_wconf 79' lang='lat' dir='ltr'><strong>ac</strong></span> 
     </span>
     <span class='ocr_line' id='line_1_36' title="bbox 473 4015 2620 4095; baseline -0 -23"><span class='ocrx_word' id='word_1_295' title='bbox 473 4015 939 4091; x_wconf 78' lang='lat' dir='ltr'><strong>propinquorum</strong></span> <span class='ocrx_word' id='word_1_296' title='bbox 954 4056 977 4085; x_wconf 87' lang='lat'>,</span> <span class='ocrx_word' id='word_1_297' title='bbox 1005 4037 1133 4093; x_wconf 76' lang='lat' dir='ltr'><strong>quae</strong></span> <span class='ocrx_word' id='word_1_298' title='bbox 1162 4019 1349 4076; x_wconf 68' lang='lat' dir='ltr'><strong>minus</strong></span> <span class='ocrx_word' id='word_1_299' title='bbox 1376 4020 1616 4075; x_wconf 80' lang='lat' dir='ltr'><strong>moleste</strong></span> <span class='ocrx_word' id='word_1_300' title='bbox 1641 4017 2015 4095; x_wconf 80' lang='lat' dir='ltr'><strong>graviterque</strong></span> <span class='ocrx_word' id='word_1_301' title='bbox 2041 4018 2252 4073; x_wconf 73' lang='lat' dir='ltr'><strong>toleras</strong></span> <span class='ocrx_word' id='word_1_302' title='bbox 2267 4056 2286 4087; x_wconf 83' lang='lat'><strong>,</strong></span> <span class='ocrx_word' id='word_1_303' title='bbox 2315 4034 2492 4090; x_wconf 79' lang='lat' dir='ltr'><strong>quam</strong></span> <span class='ocrx_word' id='word_1_304' title='bbox 2517 4033 2620 4089; x_wconf 85' lang='lat' dir='ltr'><strong>pe-</strong></span> 
     </span>
     <span class='ocr_line' id='line_1_37' title="bbox 473 4107 2616 4185; baseline -0.002 -20"><span class='ocrx_word' id='word_1_305' title='bbox 473 4107 654 4167; x_wconf 78' lang='lat' dir='ltr'><strong>enniae</strong></span> <span class='ocrx_word' id='word_1_306' title='bbox 671 4108 989 4185; x_wconf 77' lang='lat' dir='ltr'><strong>jacturam3</strong></span> <span class='ocrx_word' id='word_1_307' title='bbox 1014 4110 1137 4168; x_wconf 77' lang='lat' dir='ltr'><strong>haec</strong></span> <span class='ocrx_word' id='word_1_308' title='bbox 1156 4110 1309 4172; x_wconf 82' lang='lat' dir='ltr'><strong>enim</strong></span> <span class='ocrx_word' id='word_1_309' title='bbox 1327 4129 1451 4169; x_wconf 88' lang='lat' dir='ltr'><strong>non</strong></span> <span class='ocrx_word' id='word_1_310' title='bbox 1471 4110 1739 4170; x_wconf 72' lang='lat' dir='ltr'><strong>simulato</strong></span> <span class='ocrx_word' id='word_1_311' title='bbox 1760 4127 2008 4169; x_wconf 87' lang='lat' dir='ltr'><strong>moerore</strong></span> <span class='ocrx_word' id='word_1_312' title='bbox 2027 4107 2294 4179; x_wconf 82' lang='lat' dir='ltr'><strong>defletur,</strong></span> <span class='ocrx_word' id='word_1_313' title='bbox 2316 4125 2439 4165; x_wconf 86' lang='lat' dir='ltr'><strong>uon</strong></span> <span class='ocrx_word' id='word_1_314' title='bbox 2459 4116 2616 4165; x_wconf 76' lang='lat' dir='ltr'><strong>veste</strong></span> 
     </span>
    </p>
   </div>
  </div>
 </body>
</html>
