3050 4884
1088 408 1455 473 SATIRA
1513 405 1810 471 NONA.
2484 414 2527 487 9

372 512 536 583 Haec
561 514 686 585 soli
717 519 1070 589 commissa
1105 520 1226 591 tibi
1255 521 1468 591 celare
1500 535 1875 605 memento,

369 626 462 694 Et
489 630 727 699 tacitus
759 648 1021 703 nostras
1053 634 1230 703 intra
1257 649 1324 703 te
1359 633 1492 727 fige
1523 629 1835 725 querelas
1866 655 1883 696 τ

373 737 550 805 Nam
581 765 684 808 res
713 743 1056 811 mortifera
1085 759 1187 811 est
1214 742 1531 812 inimicus
1559 742 1827 835 pumice
1857 738 2053 810 levis:
2454 752 2523 821 95

369 846 507 933 Qui
535 849 738 917 modo
765 866 1095 921 secretum
1131 852 1595 936 commiserat,
1623 849 1817 918 ardet
1845 864 1913 917 et
1944 848 2089 919 odit
2106 902 2127 935 ‚

368 955 737 1049 Tamquam
768 960 1177 1054 prodiderim
1212 960 1545 1056 quidquid
1570 961 1714 1029 scio
1732 984 1755 1029 ε
1780 983 2046 1061 sumere
2078 959 2333 1029 ferrum
2350 1010 2371 1046 ‚

368 1064 574 1132 Fuste
609 1070 866 1161 aperire
893 1086 1128 1165 caput,
1159 1070 1506 1139 candelam
1534 1094 1881 1165 apponere
1918 1067 2125 1137 valvis

368 1174 530 1242 Non
559 1176 821 1248 dubitat
849 1206 864 1248 :
891 1206 1016 1249 nec
1045 1196 1476 1265 contemnas,
1501 1194 1621 1247 aut
1646 1178 2007 1273 despiciaS,
2043 1178 2227 1271 quod

369 1284 492 1351 His
519 1287 757 1379 opibus
792 1316 1164 1384 numquam
1192 1315 1346 1359 cara
1374 1304 1479 1357 est
1501 1310 1777 1357 annona
1802 1288 2071 1359 veneni.
2422 1321 2523 1354 mo

369 1394 551 1485 Ergo
578 1395 844 1465 occulta
872 1414 1052 1493 teges
1069 1451 1089 1486 ,
1119 1414 1197 1467 ut
1225 1398 1412 1467 curia
1441 1398 1683 1465 Martis
1712 1394 2017 1465 Athenis.

1197 1542 1687 1591 JUVENALIS.

466 1638 530 1705 Ο
560 1640 913 1733 Corydon,
943 1639 1297 1735 Corydon!
1335 1655 1673 1710 secretum
1704 1641 1933 1709 divitis
1960 1638 2177 1709 ullum

370 1748 532 1813 Esse
561 1748 804 1841 putas?
829 1752 1001 1819 servi
1031 1764 1107 1818 ut
1139 1765 1436 1835 taceant,
1465 1750 1777 1843 jumenta
1804 1749 2199 1843 loquuntur,

367 1856 460 1924 Et
495 1860 714 1946 caniS,
748 1876 818 1929 et
844 1876 1102 1962 postes,
1142 1877 1212 1930 et
1246 1884 1585 1929 marmora
1607 1886 1622 1928 :
1647 1859 1882 1929 claude
1913 1858 2274 1945 fenestras,

370 1964 537 2033 Vela
569 1981 798 2063 tegant
831 1970 1060 2057 rimas,
1086 1970 1298 2065 junge
1334 1970 1535 2054 ostia,
1566 1969 1784 2038 tollito
1814 1968 2044 2036 lumen
2421 1982 2519 2035 ιώ·

367 2076 426 2143 Ε
459 2076 718 2165 medio;
757 2078 1048 2150 clamant
1077 2105 1315 2149 omnes
1351 2106 1366 2147 τ
1400 2104 1617 2174 prope
1652 2103 1855 2147 nemo
1888 2076 2271 2163 recumbat3

365 2184 572 2271 Quod
605 2202 828 2257 tamen
861 2190 947 2259 ad
984 2206 1256 2259 cantum
1291 2188 1448 2283 galli
1483 2188 1647 2257 facit
1680 2187 1791 2256 ille
1820 2186 2144 2273 secundi,

369 2366 472 2441 qui
501 2386 652 2425 meas
681 2370 836 2427 vices
880 2382 1060 2447 gerat.
1097 2374 1176 2429 At
1207 2384 1305 2440 tu,
1349 2390 1388 2429 o
1422 2370 1743 2439 luvenalis,
1786 2368 1951 2439 vide,
1996 2384 2223 2443 quaeso,
2262 2385 2337 2423 ne
2365 2382 2519 2425 meas

373 2460 686 2533 ejusmodi,
716 2482 858 2537 quas
877 2464 984 2520 tibi
1013 2465 1124 2521 soli
1145 2465 1376 2539 aperio,
1403 2464 1668 2537 querelas
1688 2462 1955 2535 cuiquam
1982 2461 2229 2535 prodas:
2254 2460 2379 2516 illas
2404 2460 2529 2515 imo

365 2550 428 2605 in
461 2563 694 2625 pectore
722 2553 927 2611 infixas
959 2554 1164 2611 tacitns
1185 2574 1372 2611 serva.
1405 2555 1691 2629 Capitales
1718 2554 1875 2610 enim
1906 2563 1965 2608 et
1990 2552 2287 2627 pestiferas
2308 2562 2521 2627 gerunt

365 2640 692 2700 inimicitias
719 2644 815 2701 isti
836 2647 1040 2701 molles
1056 2656 1116 2701 et
1143 2628 1458 2703 effeminati
1477 2644 1716 2719 patroni
1732 2684 1749 2711 ,
1773 2642 1875 2716 qui
1900 2654 2091 2699 emen
2116 2642 2347 2715 pumice
2370 2642 2519 2699 levi-

373 2744 525 2808 gant.
553 2735 674 2803 Qui
697 2734 844 2790 mihi
859 2737 1036 2809 paulo
1064 2746 1196 2791 ante
1216 2752 1420 2789 areana
1441 2753 1543 2791 sun
1560 2734 1801 2789 eredere
1817 2751 1948 2787 non·
1958 2732 2349 2801 dubitaverat,
2366 2733 2523 2791 idem

365 2825 576 2881 oborta
606 2825 722 2881 levi
763 2826 1087 2899 suspicione
1119 2822 1414 2893 aestuabit3
1454 2824 1595 2879 odio
1629 2824 1691 2879 in
1729 2841 1825 2879 me
1854 2822 2333 2891 inflammabitnr;
2360 2824 2533 2896 quasi

361 2926 650 2973 secretum
659 2916 802 2971 mihi
815 2916 1028 2991 abipso
1042 2915 1408 2973 commissum
1423 2914 1843 2989 evulgaverim,
1857 2914 2101 2990 stringet
2114 2914 2177 2971 in
2191 2932 2283 2971 me
2296 2915 2521 2972 ferrum

365 3008 700 3081 improbus,
723 3028 786 3065 ca
793 3019 898 3082 pnt
919 3008 1128 3065 baculo
1147 3008 1539 3075 comminuet,
1556 3008 1747 3081 ignem
1766 3008 1989 3064 foribus
2008 3026 2149 3064 meae
2167 3008 2376 3064 domus
2392 3009 2527 3064 snb-

360 3098 542 3171 jieere
581 3118 704 3157 non
749 3088 1060 3157 dubitabit.
1095 3102 1298 3174 Neque
1333 3118 1478 3157 vero
1520 3099 1667 3157 nihil
1710 3100 1909 3157 credas
1941 3099 2185 3175 periculi
2226 3099 2301 3155 ab
2342 3118 2526 3157 avaro

367 3191 702 3248 imminere:
729 3210 908 3266 quum
939 3192 1150 3267 opibus
1175 3190 1373 3247 affluat
1389 3232 1406 3263 ,
1434 3201 1703 3265 suppetet
1724 3191 1811 3247 illi
1828 3190 2025 3261 facile,
2045 3191 2201 3247 unde
2228 3209 2531 3247 venenum.

365 3292 530 3356 paret
549 3322 566 3348 ,
597 3301 912 3357 necemque
943 3283 1088 3338 mihi
1119 3283 1411 3339 moliatur.
1441 3284 1781 3339 Memineris
1810 3284 1993 3359 igitur
2024 3284 2144 3339 haec
2168 3294 2367 3339 nostra
2397 3302 2529 3340 non·

365 3373 582 3429 minori
612 3373 798 3429 celare
825 3372 970 3443 fide,
996 3392 1170 3447 quam
1203 3374 1573 3449 Areopagitae
1608 3394 1707 3431 sua
1740 3374 2252 3431 senatusconsulta.

453 3484 582 3523 ιω.
625 3485 754 3521 suv.
797 3467 930 3534 Nae,
957 3478 1022 3522 tu
1053 3467 1234 3521 homo
1263 3466 1474 3523 rustice
1493 3506 1510 3535 ,
1542 3465 1783 3541 simplex
1813 3486 1879 3522 ac
1911 3466 2102 3523 bonus
2134 3468 2223 3522 esi
2252 3466 2533 3537 Νωνοίε,

365 3560 468 3633 qui
494 3560 692 3617 credas
716 3560 909 3617 arcani
947 3560 1168 3634 aliquid
1197 3561 1258 3615 in
1287 3560 1539 3617 divitum
1568 3560 1838 3617 domibus
1871 3579 1993 3617 esse
2018 3579 2205 3635 posse.
2241 3562 2525 3629 Quamvis

367 3653 648 3726 mancipia
671 3652 906 3719 sileant,
924 3651 1186 3724 jumenta
1205 3670 1408 3707 vocem
1432 3650 1666 3707 mittent
1684 3694 1699 3719 ‚
1726 3664 1785 3709 et
1804 3670 2003 3721 canes,
2027 3663 2085 3708 et
2102 3651 2293 3725 januae
2309 3694 2329 3723 ,
2345 3664 2402 3709 et
2424 3673 2523 3728 pa·-

364 3744 536 3801 1ietes
581 3746 728 3800 muti
765 3745 1100 3819 loquentur.
1135 3746 1432 3801 Fenestras
1475 3744 1753 3813 occlude,
1796 3744 1968 3799 rimas
2000 3762 2201 3801 omnes
2240 3744 2527 3818 oppositis

366 3835 508 3891 velis
537 3835 774 3904 obtura,
801 3837 994 3891 valvas
1023 3836 1263 3905 obsera,
1307 3836 1505 3892 lumen
1535 3854 1808 3892 remove:
1833 3854 2033 3893 omnes
2054 3836 2247 3893 statim
2274 3837 2523 3893 clamant

366 3938 424 3983 et
466 3926 854 3995 invehuntur;
892 3928 1072 3983 immo
1101 3928 1338 3985 arbitris
1383 3929 1546 3985 locus
1584 3938 1779 3997 vacet3
1823 3928 2199 3985 nihilominus
2232 3926 2527 4001 quidquid.

363 4018 666 4093 improbus
691 4021 1034 4094 intempesta
1063 4032 1268 4089 nocte,
1297 4032 1605 4095 antequam
1632 4021 1816 4095 gallus
1837 4021 2049 4077 iterum
2073 4020 2327 4089 accinat,
2354 4018 2527 4091 facit,

369 4110 484 4169 hoc
507 4112 764 4185 vicinus,
792 4112 1132 4189 priusquam
1163 4112 1454 4184 illuxerit,
1483 4130 1671 4186 caupo
1702 4114 1911 4171 reseiet
1930 4136 1947 4171 a
1970 4113 2127 4171 idem
2157 4111 2357 4169 audiet
2378 4129 2517 4167 nar—
