3050 4884
592 299 679 377 64
1146 301 1231 364 D.
1286 299 1564 365 JUNII
1621 299 2190 368 JUVENALIS

591 417 681 482 Et
708 413 952 508 quibus
978 428 1209 482 aurata
1236 439 1383 484 mos
1412 430 1512 484 est
1539 413 1796 510 fulgere
1824 417 2128 488 lacerna?

587 523 775 612 Quid
803 522 1010 592 refert
1025 577 1045 611 ,
1074 523 1301 618 magni
1316 523 1556 594 sedeat
1587 551 1720 621 qua
1747 542 1938 620 parte
1969 528 2244 613 theatri,

589 634 730 723 Qui
756 636 867 702 vix
897 635 1273 704 cornicines
1312 635 1656 723 exaudiet,
1695 652 1898 731 atque
1930 637 2244 706 tubarum

588 745 1019 816 Concentus?
1043 744 1333 814 clamore
1358 770 1532 842 opus
1555 762 1688 833 est,
1715 760 1794 816 ut
1817 747 2056 816 sentiat
2083 748 2262 816 auris
2635 749 2734 814 ns

587 859 813 947 Quem
846 859 1025 927 dicat
1055 857 1317 926 venisse
1349 882 1543 952 puer,
1575 873 1746 952 quot
1772 859 2041 927 nuntiet
2069 858 2288 928 horas.

586 970 921 1039 Praeterea
949 967 1267 1036 minimus
1294 967 1516 1061 gelido
1541 968 1681 1060 jam
1707 993 1995 1063 corpore
2025 969 2296 1064 sanguis

588 1081 641 1146 F
642 1079 797 1147 ebre
824 1077 997 1147 calet
1023 1074 1197 1164 sola3
1232 1076 1632 1146 circumsilit
1655 1077 1926 1171 agmine
1956 1077 2138 1146 facto

588 1187 993 1256 Morborum
1030 1209 1233 1252 omne
1273 1210 1534 1279 genus:
1571 1211 1861 1280 quorum
1900 1187 1956 1255 si
1993 1188 2270 1256 nomina
2305 1211 2595 1280 quaeraS,

588 1295 973 1390 Promptius
1004 1294 1376 1388 expediam,
1416 1309 1604 1387 quot
1617 1297 1941 1365 amaverit
1971 1297 2227 1391 Hippia
2255 1298 2585 1383 moechOS,
2627 1329 2732 1366 220

585 1406 776 1494 Quot
794 1405 1163 1473 Themison
1194 1428 1407 1498 aegros
1434 1419 1802 1474 auctumno
1839 1406 2168 1475 occiderit
2192 1430 2366 1493 unc,

582 1515 775 1604 Quot
802 1511 1059 1584 Basilus
1092 1513 1341 1598 socioS,
1382 1529 1554 1606 quot
1585 1514 2186 1608 circumscripserit
2214 1514 2458 1582 Hirrus

536 1719 543 1726 .
588 1623 921 1720 pupillos,
958 1636 1127 1714 quot
1160 1619 1361 1716 longa
1394 1622 1576 1690 viros
1611 1623 1964 1692 exsorbeat
1997 1648 2136 1693 uno
2514 1607 2523 1615 ⁴

588 1734 831 1802 Maura
864 1731 1008 1816 die,
1042 1745 1211 1824 quot
1242 1728 1607 1826 discipulos
1639 1730 1924 1801 inclinet
1950 1730 2310 1822 Hamillus3

588 1843 987 1910 Percurram
1017 1839 1247 1924 citius,
1284 1853 1452 1932 quot
1486 1838 1674 1909 villas
1709 1841 2044 1935 possideat
2075 1867 2292 1930 nunc,
2632 1857 2730 1911 225

587 1951 745 2039 Quo
772 1950 1090 2018 tondente
1122 1948 1340 2042 gravis
1361 1948 1602 2041 juveni
1631 1951 1800 2018 mihi
1828 1951 2036 2020 barba
2060 1953 2360 2021 sonabat.

586 2058 708 2130 llle
736 2061 1056 2144 humere,
1086 2057 1197 2127 hic
1227 2054 1503 2143 lumbis,
1533 2059 1648 2128 hic
1673 2083 1838 2128 coxa
1865 2059 2128 2146 debilis,
2161 2061 2391 2130 ambos

587 2170 885 2241 Perdidit
914 2166 1025 2237 ille
1058 2164 1288 2236 oculos
1316 2182 1386 2236 et
1416 2165 1617 2237 luscis
1647 2168 1904 2237 invidet
1937 2195 1954 2236 :
1989 2169 2194 2262 hujus

587 2279 842 2350 Pallida
871 2276 1057 2351 labra
1083 2277 1309 2345 cibum
1334 2276 1679 2370 accipiunt
1706 2277 1931 2372 digitis
1964 2277 2214 2348 alienis·

586 2394 745 2486 Ipse
776 2377 873 2457 ad⁹
888 2401 1327 2480 conspectum
1356 2411 1564 2454 coenae
1592 2385 1914 2456 diducere
1939 2389 2186 2459 rictum
2627 2407 2731 2461 230

590 2558 693 2636 qui
718 2558 930 2616 auratis
956 2555 1199 2614 lacernis
1220 2554 1523 2634 magnifice
1547 2557 1743 2614 vestiti
1773 2559 2014 2632 prodire
2037 2559 2262 2616 solent?
2283 2557 2430 2634 quid
2453 2557 2728 2629 interest,

588 2671 703 2728 qua
728 2651 790 2707 in
814 2660 979 2725 parte
1004 2649 1201 2725 magni
1218 2647 1429 2705 theatri
1446 2648 1642 2705 sedeat
1666 2649 1764 2706 ille
1781 2691 1797 2720 ,
1821 2650 1924 2725 qui
1943 2651 2045 2706 vix
2062 2652 2361 2726 percipere
2381 2662 2553 2726 queat
2570 2671 2730 2710 acres

586 2763 873 2802 cornuum
898 2761 1071 2800 sonos
1099 2753 1160 2798 et
1182 2741 1559 2798 buccinarum
1583 2742 1950 2818 clangorem?
1976 2743 2304 2800 Clamorem
2321 2745 2586 2802 attollere
2611 2765 2732 2804 ser-

584 2859 693 2896 vus
711 2838 911 2908 debet,
938 2854 1072 2893 eum
1088 2835 1429 2904 admonens,
1456 2835 1586 2910 quis
1611 2835 1800 2910 ipsum
1827 2836 2134 2893 conveniat
2158 2837 2351 2910 domi,
2381 2849 2558 2913 quota
2581 2839 2731 2896 hora

582 2933 686 3004 sit,
712 2943 779 2987 ut
798 2947 963 2986 aures
984 2928 1138 2984 illius
1168 2928 1434 2984 sentiant.
1468 2930 1754 2984 Praeterea
1787 2927 1908 3002 jam
1937 2928 2209 2985 minimus
2235 2923 2462 3005 'stagnat
2495 2932 2728 3007 sanguis

584 3025 649 3080 in
680 3021 875 3099 gelido
908 3021 1283 3094 corpusculo,
1320 3019 1484 3095 isque
1518 3019 1792 3095 frigidus,
1833 3019 1945 3074 nisi
1981 3019 2146 3076 febre
2179 3021 2522 3078 accendatur
2547 3043 2561 3077 :
2599 3033 2729 3079 tur-

580 3116 783 3174 matim
806 3125 864 3170 et
880 3110 1141 3184 undique
1168 3111 1378 3180 insilit,
1410 3111 1582 3185 eique
1608 3111 1896 3167 incumbit
1921 3111 2266 3170 morborum
2289 3114 2476 3170 omnis
2499 3116 2729 3190 generis

583 3212 795 3268 cohors
810 3223 1137 3273 numerosa,
1160 3223 1307 3278 quos
1328 3203 1630 3260 nominare
1651 3203 1702 3259 si
1721 3204 1916 3273 velim,
1940 3204 2108 3262 citius
2130 3205 2379 3263 dixerim
2402 3217 2547 3281 quot
2561 3207 2729 3264 adul—

586 3313 745 3358 teros
780 3295 1061 3354 amaverit
1096 3293 1336 3370 Hippia3
1370 3305 1517 3369 quot
1547 3295 1753 3372 aegroti
1791 3313 1824 3350 a
1858 3295 2088 3353 medico
2124 3297 2468 3355 Themisone
2507 3297 2730 3356 fuerint

582 3411 704 3450 uno
731 3402 1011 3447 autumno
1046 3385 1359 3456 interfecti3
1382 3397 1530 3461 quot
1567 3386 1754 3445 socios
1785 3386 2029 3458 Basilus,
2059 3391 2206 3464 quot
2230 3389 2480 3464 pupillos
2515 3389 2744 3464 Hirrus,

581 3503 689 3560 per
709 3483 883 3538 malas
910 3489 1057 3536 artes
1096 3477 1459 3552 spoliaverit3
1487 3490 1636 3553 quot
1669 3479 1828 3536 viros
1865 3479 1927 3536 in
1963 3500 2084 3537 uno
2119 3480 2214 3537 die
2245 3484 2450 3536 Maura
2473 3499 2726 3556 procero

581 3593 831 3648 corpore
854 3572 1159 3629 exsorbent
1172 3589 1191 3642 ;
1215 3582 1363 3645 quot
1386 3571 1700 3646 discipulos
1729 3572 2038 3644 Hamillus,
2061 3575 2247 3629 multo
2273 3573 2626 3648 corruptior,
2647 3574 2726 3630 ad

576 3680 843 3742 stuprum
864 3665 1129 3722 incurvet-
1150 3685 1164 3719 :
1190 3663 1516 3739 promptius
1535 3681 1902 3736 enarravero,
1923 3675 2069 3739 quot
2092 3665 2256 3722 villas
2277 3685 2433 3723 nunc
2453 3664 2722 3741 proprias

580 3757 867 3836 possideat
888 3755 987 3812 ille
1013 3766 1235 3825 tonsor,
1260 3775 1379 3830 quo
1414 3766 1705 3812 resecante
1726 3755 1908 3812 barba
1935 3756 2080 3812 mihi
2093 3755 2296 3831 juveni
2319 3759 2557 3814 molesta
2579 3758 2724 3814 olim

578 3849 902 3910 resonabat.
926 3847 1089 3903 Alius
1108 3865 1278 3904 senex
1308 3847 1562 3904 humeris
1583 3847 1836 3919 laborat,
1872 3850 2016 3906 alius
2037 3850 2278 3920 lumbis,
2302 3849 2446 3907 alius
2467 3851 2720 3906 femore:

576 3945 673 4001 bic
694 3942 865 3999 oculo
888 3949 1140 4014 utroque
1167 3950 1365 4013 captus
1396 3951 1510 4010 est,
1543 3951 1602 3996 et
1625 3940 1952 3998 fortunatos
1979 3944 2166 3998 luscos
2188 3952 2388 4015 putat:
2415 3942 2518 3998 ille
2533 3941 2722 3998 aliena
2744 4000 2756 4007 ,

576 4053 691 4113 ope
720 4032 973 4110 indiget,
1008 4042 1075 4087 ut
1109 4030 1455 4105 pallentibus
1489 4031 1655 4088 labiis
1699 4033 1891 4088 cibum
1939 4043 2154 4104 sumat;
2200 4051 2497 4108 quumque
2537 4052 2718 4108 appo-
