3050 4884
510 399 636 484 392
862 397 1185 464 VARIAE
1234 397 1786 463 LECTIONES
1834 397 1955 460 ET
2001 395 2298 461 NOTAE

508 516 651 567 libris
672 518 851 583 legitur
878 515 1172 575 Viniciana,
1195 527 1246 565 et
1274 513 1579 562 Viniciomm
1605 530 1725 578 gens
1746 512 2012 562 clarissima
2037 513 2154 575 fuit;
2183 512 2285 560 vid.
2303 513 2518 576 interpp.
2540 515 2650 559 Tac.

510 602 648 651 Anu.
675 601 780 661 VI,
810 599 889 658 15,
915 602 1007 658 453
1034 601 1177 657 XIV,
1200 609 1293 657 403
1320 599 1453 648 Suet.
1483 599 1614 661 Aug.
1649 613 1692 645 c.
1725 597 1789 650 64
1807 631 1822 654 ‚
1852 611 1936 656 7¹·
1960 621 2032 632 -
2053 597 2321 660 Graugaeus
2348 595 2481 655 conj.
2509 596 2655 649 Vero,

508 693 565 730 ut
585 682 1057 748 designeturVerus,
1076 681 1163 746 qui
1180 697 1293 729 cum
1310 680 1487 728 Fulvio
1508 679 1684 728 consul
1702 679 1850 727 fuerit
1866 679 2140 743 imperante
2157 677 2460 726 Domitiano,
2483 675 2656 726 Notior

506 774 583 813 cst
602 767 655 813 1..
674 764 909 816 Ceionius
934 763 1241 814 Commodus
1258 765 1449 822 Verus,
1474 763 1537 810 ab
1559 763 1838 822 Hadriano,
1862 773 1912 810 et
1932 763 2064 826 inpr.
2085 761 2193 822 eius
2219 759 2352 812 filius
2367 796 2382 820 ‚
2409 761 2473 810 ab
2495 761 2656 810 Amo-

506 848 633 896 nino
664 849 755 896 Pio
792 847 1067 914 adoptatus.
1104 847 1200 896 Hic
1237 864 1283 895 a.
1315 848 1379 895 V.
1414 845 1734 896 Dcoccvn.
1773 845 1977 905 consul,
2009 853 2058 892 et
2088 843 2270 891 deinde
2302 859 2415 891 cum
2455 845 2527 891 M.
2553 843 2654 890 Au·

507 931 635 980 telio
664 933 937 996 Imperator
964 931 1072 982 fnit.

578 1028 721 1080 Nor.
762 1045 847 1098 ²7·
884 1027 971 1080 Eu
998 1027 1402 1079 memorabilem
1433 1023 1690 1097 temporis
1719 1022 2122 1084 definitionem,
2153 1041 2273 1094 quae
2303 1018 2377 1075 ad
2404 1022 2658 1092 majorem

510 1125 727 1180 quoque
766 1108 844 1161 rei
880 1106 1045 1162 fidem
1078 1106 1381 1163 faciendam
1419 1109 1584 1164 valet.
1623 1105 1728 1160 Sed
1753 1106 1894 1178 proh
1923 1104 2108 1160 dolor!
2137 1123 2312 1177 neque
2348 1102 2511 1157 lectio
2543 1100 2664 1154 satis

513 1203 663 1244 certa
682 1203 791 1256 est,
817 1209 991 1262 neque
1015 1203 1251 1256 constat,
1281 1193 1403 1264 quis
1434 1204 1489 1246 et
1518 1190 1740 1264 quando
1766 1192 1945 1240 Iunius
1978 1189 2072 1242 ille
2104 1191 2276 1242 consul
2306 1187 2484 1240 fuerit.
2512 1187 2662 1240 Non-

515 1274 656 1326 nulli
680 1292 965 1346 perperam
987 1274 1298 1348 intelligunt
1322 1275 1499 1347 ipsum
1524 1277 1559 1328 J
1563 1274 1844 1330 uvenalem
1871 1285 2150 1339 nostrum3
2184 1272 2276 1324 alii
2303 1279 2430 1342 App.
2464 1272 2663 1322 Iunium

513 1361 771 1428 Sabjnnm,
791 1358 887 1430 qui
908 1375 1033 1410 cum
1050 1357 1401 1428 Domitiano(
1422 1360 1578 1430 cujus
1601 1358 1693 1411 bic
1711 1359 1874 1412 etiam
1891 1357 2106 1410 satirice
2127 1367 2446 1428 perpetuum
2472 1372 2664 1408 consu-

511 1442 679 1494 latum
720 1442 935 1494 silentio
967 1441 1144 1493 notari
1185 1459 1295 1494 non
1337 1441 1434 1493 abs
1470 1459 1528 1493 re
1554 1439 1844 1494 videbatur
1890 1439 2126 1510 Pithoeo)
2163 1440 2352 1492 consul
2393 1438 2498 1490 fuit
2528 1455 2664 1490 suno

480 1577 483 1582 ,
516 1525 683 1578 Urbis
709 1522 942 1577 condita
976 1522 1444 1588 Dcccxxxv1;
1472 1523 1768 1576 Salmasius
1799 1542 1927 1576 vero
1963 1523 2020 1584 in
2049 1521 2540 1582 Exercitationibus
2567 1519 2670 1572 Pli-

517 1607 716 1671 niauis,
742 1624 799 1677 p.
828 1611 931 1674 447
956 1623 1136 1675 seq.—
1153 1610 1217 1670 Q.
1243 1607 1439 1656 lunium
1464 1608 1734 1664 Rusticum,
1764 1605 1857 1677 qui
1888 1605 2076 1658 consul
2105 1605 2208 1657 fuit
2226 1622 2350 1657 cum
2372 1601 2666 1664 Hadriano,

517 1707 663 1742 anno
690 1688 899 1760 imperii
925 1688 1040 1758 ejus
1063 1687 1223 1738 tertio
1260 1697 1314 1738 et
1344 1687 1483 1739 Urb.
1521 1686 1724 1740 condit.
1759 1687 2170 1741 DCCCLXXII.
2205 1687 2335 1739 Haec
2363 1690 2668 1759 conjectura

520 1771 709 1826 ceteris
748 1770 1087 1842 probabilior
1122 1781 1230 1834 est,
1272 1781 1328 1822 et
1358 1781 1473 1822 tum
1507 1770 1625 1822 haec
1663 1771 1831 1823 satira
1865 1769 2054 1824 eodem
2095 1789 2239 1824 anno
2277 1770 2478 1842 scripta
2504 1769 2670 1824 videri

518 1865 726 1926 potest,
753 1871 865 1925 quo
904 1852 1114 1906 decima
1144 1852 1330 1918 tertia;
1358 1850 1470 1905 vid.
1504 1852 1578 1906 ad
1608 1853 1750 1906 XIII
1771 1895 1786 1921 ,
1821 1857 1918 1917 16,
1951 1866 2005 1906 et
2038 1853 2132 1906 vit.
2160 1853 2352 1906 Juven.
2379 1873 2476 1925 per
2504 1871 2670 1906 annos

520 1937 787 2008 digestam
813 1957 897 2010 pr.
938 1968 1011 1978 —
1053 1935 1221 1989 Vetus
1250 1936 1435 1990 Schol.
1471 1939 1595 1989 «De
1625 1955 1680 1990 se
1711 1935 1846 1990 dicit
1881 1939 1914 1990 J
1919 1937 2184 2001 uvenalis,
2222 1937 2316 2009 qui
2354 1937 2408 1989 in
2436 1941 2669 2010 AEgypto

523 2022 749 2074 militem
771 2021 1041 2090 (limitem,
1074 2019 1217 2071 conf.
1244 2019 1480 2071 Hennin.
1506 2032 1561 2072 et
1584 2023 1767 2086 vitem,
1789 2019 1998 2092 insigne
2025 2019 2380 2084 centurionis,
2413 2021 2553 2073 Pitb.
2577 2019 2668 2072 sed

520 2106 721 2155 militem
735 2105 890 2154 tenuit
902 2099 1145 2155 defendit
1164 2101 1400 2154 Cramer.
1419 2102 1584 2174 plane
1606 2115 1666 2156 ut
1686 2121 1776 2174 ap.
1806 2103 1954 2156 Suet.
1972 2103 2176 2173 Aug.,c.
2194 2121 2226 2171 9
2240 2142 2254 2167 ,
2270 2106 2396 2154 solus
2411 2104 2668 2170 rempubli-

522 2207 630 2238 cam
663 2187 828 2238 tenuit.
864 2183 969 2237 En.
990 2185 1012 2254 )
1034 2185 1232 2250 tenuit,
1254 2195 1309 2236 et
1342 2203 1407 2237 ea
1438 2184 1710 2258 promittit
1748 2204 1805 2238 se
1830 2184 2157 2250 relaturum,
2186 2203 2305 2258 quae
2333 2185 2449 2257 ipse
2471 2183 2625 2238 vidit.
2645 2209 2665 2230 ι

592 2335 728 2385 Vni.
769 2333 855 2382 28.
886 2333 1076 2394 Facta,
1102 2344 1186 2379 so.
1230 2356 1303 2368 —
1332 2330 1530 2388 cambi,
1561 2339 1642 2388 24.
1669 2328 1888 2395 Compei,
1917 2344 2000 2379 as.
2033 2329 2218 2391 cocta,
2243 2345 2334 2396 .19.
2367 2329 2532 2394 Cepi,
2579 2331 2664 2378 2³.

526 2417 670 2467 Cous.
699 2416 766 2465 ad
787 2432 862 2466 vs.
894 2415 976 2464 35.
2593 2441 2600 2446 ·

596 2509 738 2562 Nor.
778 2509 863 2562 s8.
899 2509 1162 2578 Refiram,
1206 2523 1327 2580 quae
1360 2527 1517 2582 nuper·
1543 2521 1685 2579 gesta
1717 2518 1842 2562 sunt
1865 2526 2028 2578 super,
2053 2525 2240 2581 supra,
2271 2507 2443 2571 ultra,
2474 2517 2536 2558 ut
2554 2506 2666 2576 ὑπὲρ

527 2589 681 2660 (vid.
712 2591 912 2644 Duker.
941 2604 998 2645 et
1017 2611 1117 2644 nos
1138 2589 1212 2643 ad
1232 2591 1351 2646 Liv.
1378 2593 1439 2658 Ι,
1469 2611 1523 2656 a,
1551 2591 1614 2658 3,
1641 2605 1695 2645 et
1717 2592 1938 2652 xxxl.
1966 2605 2052 2662 47,
2079 2593 2202 2660 3.),
2223 2593 2402 2642 vnoem'a
2423 2592 2562 2657 copti
2588 2609 2670 2640 ca-

526 2676 643 2725 lida
669 2672 818 2743 (vid.
844 2673 933 2727 ad.
958 2673 1038 2726 vl
1058 2713 1074 2740 ,
1100 2673 1204 2745 ⁵²7
1220 2676 1265 2743 ),
1290 2674 1431 2727 intra
1457 2675 1592 2727 fines
1611 2675 1774 2746 Copti
1801 2686 1856 2727 et
1877 2675 2264 2747 Tentyrorum.
2293 2672 2486 2744 Aptius
2515 2672 2670 2724 etiam

527 2776 648 2812 voc.
681 2776 849 2825 super,
891 2757 996 2810 hoc
1030 2770 1135 2821 est,
1164 2757 1336 2825 ultra,
1360 2757 1407 2828 si
1432 2769 1621 2831 poeta,
1643 2757 1739 2830 qui
1759 2762 1928 2827 resen,
1959 2777 2074 2826 quoe
2107 2760 2208 2827 t‘pse
2241 2758 2431 2808 notavit
2463 2767 2517 2809 et
2546 2753 2674 2810 vidit

526 2845 650 2911 (vs.
681 2843 769 2908 45.
787 2845 838 2912 ),
862 2842 1022 2914 Copti
1058 2855 1420 2896 commoratus
1454 2855 1563 2906 est,
1599 2861 1768 2914 quum
1804 2843 2010 2896 bellum
2038 2842 2144 2896 hoc
2169 2843 2313 2894 inter
2346 2841 2588 2913 Coptitas
2625 2851 2678 2892 et

528 2929 861 3001 Tentyritae,
891 2927 1097 2982 incolas
1121 2926 1453 2999 oppidorum
1476 2927 1829 2981 finitimorum
1854 2930 1957 2996 (vs.
1979 2927 2091 2998 33),
2113 2940 2404 2998 gereretur.
2420 2957 2490 2967 -—
2508 2929 2678 2992 coptus

531 3016 555 3081 (
581 3015 749 3080 Copti,
776 3031 853 3065 vs.
876 3013 944 3066 35
968 3013 1021 3079 ),
1044 3030 1327 3065 commune
1356 3011 1594 3064 Arabum
1631 3012 2116 3086 AEgyptiorumqne
2151 3010 2448 3088 oppidum,
2483 3029 2516 3062 a
2553 3010 2680 3063 Dio-

530 3097 766 3150 cletiano
784 3095 1025 3150 dirutum
1043 3115 1145 3149 nec
1162 3096 1267 3149 uisi
1289 3096 1404 3148 ΧΠ
1425 3095 1564 3148 mill.
1583 3113 1725 3168 pass.
1745 3109 2009 3149 remotum
2029 3113 2058 3148 a
2079 3095 2360 3169 Tentyris3
2383 3095 2680 3167 emporium

530 3178 938 3231 celeberrimum
954 3219 971 3244 ,
993 3195 1103 3250 quo
1120 3195 1321 3231 merces
1344 3177 1551 3231 Indica
1564 3217 1580 3242 ,
1611 3178 1853 3236 Arabico
1873 3189 1926 3232 et
1943 3179 2267 3251 AEthiopieoe
2279 3219 2294 3244 ‚
2313 3179 2544 3231 Arabico
2563 3177 2681 3229 sinu

532 3260 769 3315 advectoe
785 3299 802 3324 ,
832 3253 1273 3333 deportabantur.
1302 3259 1624 3332 Metropolis
1642 3260 1746 3314 fuit
1763 3262 1924 3314 Nomi
1943 3262 2156 3334 Coptici
2168 3302 2182 3326 ‚
2201 3273 2256 3314 et
2274 3260 2682 3324 mediterranea,

531 3365 642 3399 non
676 3343 747 3398 ad
782 3346 961 3416 ipsum
986 3344 1177 3396 Nilum
1203 3342 1303 3396 sita
1323 3382 1339 3409 ,
1378 3341 1473 3394 sed
1509 3342 1581 3395 ad
1619 3344 1864 3397 canalem
1905 3363 1971 3397 ex
2009 3346 2115 3398 hoc
2141 3343 2311 3398 fluvio
2339 3344 2592 3410 ductum,
2626 3345 2681 3395 in

472 3467 477 3472 -
534 3449 646 3502 quo
673 3446 877 3481 merces
914 3428 1055 3492 illoe,
1090 3428 1160 3480 ab
1193 3425 1425 3478 Arabico
1463 3427 1586 3480 sinu
1619 3427 1708 3480 vel
1731 3427 1984 3482 Berenice
2011 3426 2228 3481 camelis
2263 3441 2318 3480 et
2350 3428 2440 3480 via
2461 3427 2682 3499 publica

531 3513 767 3581 Coptum
786 3509 1037 3572 devecto,
1051 3507 1282 3561 navibus
1304 3509 1361 3558 in
1381 3507 1569 3560 Nilum
1588 3520 1642 3560 et
1661 3508 1858 3562 deinde
1881 3507 2262 3563 Alexandriam
2286 3506 2684 3560 deferebantur.

534 3592 646 3647 vid.
672 3593 815 3646 Plin.
840 3593 913 3656 V,
936 3611 997 3661 93
1023 3592 1138 3657 vl,
1166 3591 1259 3656 23,
1286 3609 1379 3643 seu
1410 3593 1505 3657 26,
1533 3602 1588 3643 et
1611 3591 1690 3657 X,
1719 3592 1784 3644 33
1802 3630 1818 3656 ,
1847 3611 1942 3644 seu
1965 3597 2062 3661 493
2090 3591 2266 3644 Str-ab.
2286 3590 2449 3654 XVI,
2472 3609 2527 3662 p.
2554 3593 2648 3659 781
2665 3629 2680 3654 ,

534 3679 606 3731 al.
641 3677 804 3736 1128,
838 3686 895 3729 et
918 3675 1084 3728 XVII
1106 3715 1124 3737 ,
1164 3693 1291 3746 pag.
1332 3673 1468 3740 8¹5,
1505 3673 1577 3725 al.
1621 3691 1787 3743 1170,
1811 3677 2005 3728 Zonar.
2039 3675 2129 3740 11,
2153 3687 2286 3727 extr.
2315 3675 2572 3724 Memoioes
2604 3693 2704 3723 sm·-

532 3765 762 3829 I'Egrpte
788 3762 1029 3810 ancienne
1063 3773 1115 3810 et
1144 3762 1375 3810 moder-ne
1392 3777 1498 3826 par
1518 3761 1766 3811 d'AnviIIe
1781 3799 1796 3822 ,
1817 3779 1941 3832 pag.
1973 3765 2091 3828 196.
2115 3758 2398 3814 Abulfedae
2419 3757 2686 3829 Descript.

533 3843 779 3915 AEgypti,
802 3860 927 3914 pag.
952 3847 1015 3894 16
1032 3881 1047 3906 ,
1074 3855 1129 3896 et
1154 3841 1225 3894 ad
1251 3860 1374 3894 eum
1397 3841 1684 3896 Michaelis
1707 3856 1820 3896 not.
1863 3845 2164 3906 153—164,
2193 3863 2315 3916 pag.
2337 3845 2569 3914 73—-78‚
2591 3843 2684 3894 ubi

532 3940 728 4001 przcter
759 3926 867 3978 alia
898 3923 1082 3985 docet,
1114 3925 1294 3978 vicum
1322 3923 1644 3978 hodiernum
1664 3929 1784 3994 Koft
1807 3927 1891 3979 vel
1913 3928 2045 3994 Kist,
2075 3926 2146 3978 ad
2173 3927 2342 3999 ipsam
2368 3924 2482 3978 Nili
2507 3926 2682 3995 ripam

534 4014 693 4064 situm
712 4051 728 4076 ,
760 4027 868 4061 non
900 4027 1015 4061 esse
1038 4008 1278 4079 Coptum
1306 4009 1580 4080 antiquam
1600 4048 1614 4071 ,
1651 4007 1744 4061 sed
1775 4009 1953 4061 vicum
1972 4048 1987 4072 ,
2027 4029 2136 4079 quo
2169 4027 2272 4080 pro
2304 4019 2464 4080 portu
2491 4025 2589 4058 usa
2616 4009 2685 4060 sit

537 4095 771 4165 Coptos,
799 4093 928 4144 urbs
950 4090 1368 4154 mediterranea,
1392 4104 1445 4143 et
1466 4091 1521 4142 in
1547 4109 1654 4162 quo
1679 4109 1875 4143 nomen
1899 4094 2013 4162 ejus
2041 4091 2268 4144 haeserit.
2297 4090 2556 4144 Ramusio
2577 4107 2686 4160 pu—

537 4177 709 4238 tabet,
736 4175 971 4246 Coptum
992 4170 1159 4226 hodie
1182 4176 1373 4224 Canum
1397 4171 1505 4225 dici
1535 4193 1624 4226 seu
1653 4177 1887 4226 ehanam.
2339 4161 2344 4165 ⁵
