3050 4884
544 361 671 443 354
773 389 783 404 ·
858 361 1203 430 VARIAE
1244 359 1833 426 LECTIONES
1879 359 2009 426 ET
2053 357 2366 427 NOTAE

534 477 649 530 aede
676 475 872 530 Martis
889 475 1100 530 Ultoris
1120 487 1370 530 ornatum
1385 485 1501 528 erat
1515 484 1557 542 ,¹
1591 475 1929 530 numularios
1949 473 2250 548 diripuere,
2273 487 2330 529 et
2355 472 2458 547 ipsi
2479 491 2698 546 quoque

536 559 703 613 Marti
728 557 961 631 insignia
989 575 1089 612 sua
1112 558 1411 624 abstulere;
1430 559 1556 610 Brit.
1591 559 1676 610 Ex
1710 575 1822 630 quo
1859 557 1918 610 in
1941 557 2146 628 templo
2165 557 2364 610 Martis
2393 557 2698 629 compilata

535 642 754 716 fuerunt
770 658 906 694 arcae
923 640 1197 714 ipsiusque
1210 639 1312 693 Dei
1328 638 1483 710 galea
1500 637 1650 692 furto
1668 638 1954 711 subrepta3
1974 639 2136 693 Farn.
2159 640 2288 694 coll.
2305 638 2476 693 Marti
2483 639 2556 693 al.
2576 640 2690 698 vl,

537 740 603 796 73
624 765 641 792 ,
655 738 711 779 et
730 725 1023 796 Antholog.
1048 726 1109 778 11
1126 763 1141 788 ,
1165 723 1251 790 25,
1273 721 1342 776 de
1360 721 1703 796 Eutychide,
1725 740 1848 794 quse
1867 722 1992 776 loca
2009 740 2207 794 parum
2228 720 2302 776 ad
2322 740 2438 776 rem
2458 721 2688 775 faciunt.

537 808 698 866 conf.
717 828 883 883 supra
901 808 971 864 ad
990 807 1067 874 X,
1091 806 1175 862 25.
1202 809 1373 861 Poeta
1392 805 1534 858 forte
1553 803 1626 860 ad
1645 805 1730 858 sui
1750 805 2010 878 temporis
2030 805 2342 872 historiam,
2363 806 2526 860 nobis
2541 806 2692 878 igno-

533 904 648 945 tam
658 931 673 958 ,
693 891 947 966 respicit;
966 905 1021 946 et
1037 891 1145 945 hac
1162 889 1445 944 occasione
1456 927 1477 956 ,
1492 902 1554 943 ut
1570 889 1800 962 passim,
1819 889 1964 944 ridet
1977 889 2250 944 infirmam
2266 889 2440 946 divini
2456 889 2694 944 numinis

534 977 861 1049 potentiam,
886 988 943 1032 et
962 975 1183 1050 quidem
1201 975 1261 1029 h.
1284 975 1393 1029 loc.
1412 975 1511 1042 (ut
1535 974 1626 1040 11,
1653 976 1752 1029 130
1773 975 1914 1046 seq.)
1935 977 2136 1040 Martis,
2157 972 2256 1046 qui
2271 992 2342 1027 ne
2366 994 2445 1028 res
2467 972 2688 1046 quidem

533 1079 668 1125 secas,
690 1080 789 1117 sua
806 1061 978 1135 ipsius
998 1060 1257 1132 insignia,
1285 1059 1539 1125 servarit,
1567 1057 1771 1113 nedum
1801 1077 1889 1112 res
1911 1057 2196 1112 hominum
2213 1096 2228 1122 ,
2265 1057 2402 1124 sibi,
2437 1070 2694 1130 tanquam

534 1147 681 1218 patri
701 1165 767 1200 ao
792 1146 969 1200 tutori
998 1147 1256 1200 Romana
1282 1144 1457 1216 gentis
1470 1183 1489 1209 ,
1515 1143 1573 1197 in
1611 1139 1916 1196 custodiam
1947 1139 2302 1195 concreditas.
2337 1138 2605 1212 Rigaltius
2635 1140 2694 1193 in

535 1230 677 1284 Diss.
699 1229 769 1284 de
799 1231 912 1284 Sat.
943 1231 1143 1284 Juven.
1168 1227 1567 1300 suspicabatur,
1585 1224 1768 1280 deriso
1793 1226 2112 1298 Marte,qui
2139 1223 2278 1279 falso
2299 1228 2440 1276 Ultor
2461 1223 2692 1287 dicatur,

536 1331 649 1366 non
672 1311 842 1368 modo
865 1312 1159 1368 vanitatem
1189 1311 1388 1366 fabula!
1408 1309 1700 1384 perstringi
1714 1348 1732 1374 ‚
1766 1307 1862 1364 ned
1889 1309 2052 1364 etiam
2073 1309 2300 1381 ignavia
2319 1309 2564 1362 accusari
2587 1309 2696 1361 Ro-

535 1415 754 1463 manos,
782 1397 879 1470 qui
916 1396 1056 1450 nihil
1091 1395 1323 1468 amplius
1360 1395 1527 1448 armis
1563 1406 1835 1468 querant,
1879 1406 1933 1448 et
1963 1393 2094 1448 olim
2131 1393 2296 1447 etiam
2333 1391 2556 1466 quosita
2593 1391 2696 1446 sihi

532 1480 671 1552 eripi
693 1481 923 1553 turpiter
946 1479 1247 1552 patiantur.

604 1576 745 1630 Nor.
786 1577 885 1628 363
910 1593 1018 1647 seq.
1058 1575 1193 1626 Licet
1214 1575 1480 1642 relinquas,
1512 1573 1822 1644 relinquere
1836 1611 1852 1637 ,
1888 1591 2140 1646 spernere
2158 1572 2389 1645 poteris,
2411 1575 2580 1626 omnia
2599 1592 2694 1624 aa·

529 1662 630 1708 Ioea
657 1661 816 1708 Flora
832 1696 849 1724 ‚
880 1669 1012 1724 ete.,
1041 1657 1149 1710 hoe
1170 1668 1252 1708 est
1266 1693 1284 1720 ‚
1306 1667 1501 1709 cuncta
1517 1653 1776 1708 ludorum
1799 1674 1994 1727 genera
2007 1695 2022 1720 ,
2042 1675 2108 1710 ex
2127 1656 2326 1728 quibus
2353 1677 2466 1712 non
2487 1669 2694 1712 tantum
2761 1653 2771 1662 ’

532 1739 797 1812 percipies
829 1739 1152 1812 voluptatis,
1176 1749 1440 1810 quantum
1474 1755 1541 1790 ex
1571 1739 1719 1790 avari
1748 1737 2061 1804 laboribus;
2091 1739 2197 1790 nisi
2227 1740 2416 1792 malis:
2448 1743 2693 1813 quamvis

534 1823 621 1877 vel
654 1841 841 1876 omnes
870 1821 1032 1877 ludos
1052 1823 1331 1895 relinquas
1348 1858 1367 1888 ,
1403 1821 1544 1874 nihil
1578 1837 1759 1887 eures,
1791 1837 1904 1874 non
1929 1837 2127 1893 mag-na
2155 1822 2364 1875 carebis
2385 1822 2694 1896 yoluptate‚

534 1905 701 1959 modo
740 1906 1036 1977 respexeris
1061 1906 1222 1962 varia
1244 1907 1473 1977 negotia,
1504 1903 1752 1970 labores,
1773 1905 2148 1977 navigationes
2163 1944 2180 1968 ,
2206 1905 2664 1978 peregrinationes
2679 1943 2697 1972 ,

539 1989 885 2043 incommoda
908 2001 962 2043 et
984 1990 1229 2062 pericula
1246 2030 1262 2056 ,
1284 2007 1405 2061 qua!
1428 2005 1624 2041 avarus
1645 1987 1820 2054 subit,
1841 2001 1904 2042 ut
1926 2008 2042 2043 rem
2067 1988 2388 2042 familiarem
2407 1989 2698 2062 amplificet

534 2073 840 2145 opibusque
875 2071 1091 2139 affluat3
1120 2083 1275 2126 tanto
1297 2073 1423 2126 -tibi
1445 2071 1744 2145 jucundius
1781 2073 1929 2137 haec,
1965 2092 2132 2147 quam
2170 2071 2292 2127 ludi
2331 2074 2416 2128 illi
2434 2113 2452 2142 ‚
2491 2087 2694 2147 specta-

540 2156 724 2209 culum
745 2156 995 2211 offerent.
1022 2157 1153 2210 Hae
1181 2156 1333 2210 avari
1356 2159 1556 2225 negotia
1572 2194 1588 2221 ,
1610 2167 1741 2224 etc„
1764 2157 1824 2210 in
1848 2175 1958 2212 vas.
1988 2175 2069 2229 sq.
2091 2155 2486 2212 deseribuntur.
2518 2157 2694 2211 Poetae

535 2241 719 2294 animo
744 2241 1029 2313 oculisque
1054 2240 1444 2296 obversabatur
1472 2241 1626 2294 locus
1663 2241 1850 2294 Horat.
1881 2241 2057 2315 Epist.
2093 2243 2182 2306 11,
2217 2259 2264 2307 1,
2294 2261 2392 2313 ¹97
2416 2259 2496 2316 sq.
2533 2241 2691 2296 conf.

536 2343 657 2396 sup.
684 2323 797 2388 111,
824 2324 926 2378 333
945 2325 1073 2395 (ubi
1090 2323 1206 2379 vid.
1232 2337 1347 2378 not.
1358 2328 1400 2395 ),
1415 2337 1469 2380 et
1487 2325 1640 2389 loca,
1665 2323 1864 2396 quibus
1881 2325 1994 2378 vita
2021 2335 2206 2379 nostra
2227 2343 2398 2379 seenae
2412 2366 2429 2392 ,
2451 2325 2616 2380 mimo
2641 2336 2695 2377 et

542 2410 742 2462 fabulas
760 2423 1109 2481 comparatur
1124 2409 1247 2463 Sen.
1274 2409 1448 2481 Epist.
1474 2427 1543 2480 77
1558 2419 1612 2462 et
1629 2409 1722 2475 803
1746 2407 1891 2462 Suet.
1911 2410 2048 2479 Aug.
2067 2427 2154 2479 99,
2178 2421 2234 2463 et
2249 2407 2490 2464 Pallada
2506 2409 2691 2483 Epigr.

538 2493 601 2544 C.
622 2493 680 2544 in
708 2493 938 2546 Brunck.
967 2491 1120 2547 Anal.
1148 2505 1279 2546 tom.
1310 2493 1397 2556 ΙΙ,
1426 2511 1556 2565 pag.
1583 2499 1705 2563 437,
1729 2491 1828 2545 ubi
1853 2490 1968 2546 vid.
1997 2493 2216 2546 Jacobs.
2246 2492 2318 2546 ad
2346 2492 2564 2547 Anthol.
2591 2492 2686 2546 Gr.

534 2577 647 2631 vol.
674 2577 733 2629 11
750 2616 765 2642 ,
794 2588 935 2649 part.
962 2577 1083 2643 ΙΙΙ,
1105 2593 1232 2649 pag.
1264 2583 1382 2648 ²47·
1406 2607 1479 2618 -
1498 2579 1678 2630 Aula-a
1697 2576 1820 2629 vela
1842 2575 1990 2647 picta
2005 2613 2022 2642 ,
2051 2575 2110 2629 in
2127 2574 2359 2643 sedibus,
2392 2575 2688 2650 porticibus

533 2673 589 2714 et
609 2660 834 2715 theatris
858 2679 1114 2734 suspensa
1128 2699 1147 2728 ,
1166 2660 1313 2715 unde
1331 2662 1389 2715 h.
1416 2661 1525 2714 loc.
1551 2679 1654 2732 pro
1671 2659 1803 2732 ipsis
1822 2658 1970 2712 ludis
1994 2672 2362 2734 ponuntur.·--
2372 2653 2533 2714 Floria
2551 2657 2686 2725 ludi,

536 2743 777 2797 Floralia
806 2745 922 2799 scil.
950 2761 1107 2800 sacra
1129 2763 1175 2800 s.
1198 2745 1443 2798 solennia
1458 2783 1475 2811 ,
1500 2742 1572 2796 de
1587 2742 1790 2816 quihus
1805 2741 1920 2798 vid.
1941 2742 2106 2800 ovid.
2133 2745 2276 2798 Fast.
2289 2747 2368 2812 V,
2395 2741 2687 2813 183-3785

532 2827 674 2880 Plin.
697 2827 929 2893 XVIII,
956 2847 1053 2897 ²93
1071 2829 1199 2882 Val.
1223 2829 1371 2882 Max.
1396 2829 1487 2890 11,
1518 2845 1614 2893 10,
1643 2828 1708 2893 8,
1729 2838 1784 2880 et
1807 2826 1929 2880 Sen.
1953 2827 2124 2900 Epist.
2149 2847 2236 2900 97.
2252 2830 2524 2880 -cerm's
2539 2825 2688 2890 ludi,

533 2915 627 2982 qui
653 2912 711 2963 in
738 2911 1053 2966 Cerealibus
1078 2931 1154 2966 sc.
1182 2912 1349 2967 sacris
1371 2913 1688 2983 agebantur.
1717 2911 1848 2966 Vid.
1875 2911 2038 2966 Ovid.
2063 2913 2204 2966 Fast.
2235 2914 2334 2975 lv,
2372 2911 2478 2980 390
2499 2931 2608 2984 seq.
2631 2923 2686 2964 et

532 2993 647 3047 Liv.
677 2993 841 3046 XXX
857 3031 874 3058 ‚
898 2993 966 3063 39
986 3025 1057 3037 -—·
1084 2998 1287 3063 Cybeles
1305 2992 1456 3062 ludi,
1481 2993 1776 3066 Megalesia
1791 3033 1808 3061 ,
1836 2994 2048 3050 diversa
2077 3015 2111 3050 a
2137 2995 2282 3050 ludis
2307 2996 2536 3068 maguis.
2555 2993 2684 3048 Vid.

530 3075 649 3132 Ην.
671 3077 863 3130 xxtx
879 3115 895 3142 ‚
920 3083 983 3142 14
1003 3077 1133 3148 (ubi
1152 3067 1297 3132 oimf.
1316 3079 1564 3150 naha),
1583 3078 1850 3145 xxxm
1869 3079 1936 3143 54
1953 3078 2148 3146 ;ovid.
2169 3081 2313 3134 Fut.
2331 3081 2436 3144 IV,
2461 3097 2559 3150 ¹79
2579 3096 2687 3149 seq.

598 3223 743 3270 Vsa.
782 3223 903 3272 365.
932 3221 1046 3270 Non
1076 3222 1366 3288 etjaecm,
1388 3237 1468 3272 12.

605 3317 782 3368 Anu„
825 3314 1125 3378 265-2-284.
1163 3315 1345 3380 Quam
1379 3335 1570 3370 vecors
1608 3317 1682 3370 sit
1703 3336 1994 3375 avarorum
2029 3317 2283 3387 audacia,
2327 3317 2489 3373 docet
2521 3329 2680 3392 poeta

532 3397 934 3470 comparatione
951 3415 1142 3453 eorum
1159 3417 1283 3452 cum
1302 3399 1423 3453 aliis
1438 3399 1772 3469 hominibus,
1791 3403 1888 3476 qui
1903 3423 2014 3457 non
2029 3403 2209 3459 minus
2221 3403 2440 3478 quidem
2454 3400 2683 3456 audaces

536 3495 689 3546 sunt,
730 3479 830 3535 sed
854 3493 918 3536 ut
951 3485 1195 3555 querant
1222 3482 1429 3538 victum
1443 3524 1459 3550 ,
1484 3501 1600 3538 non
1626 3498 1692 3540 ut
1719 3487 1918 3560 opibus
1953 3487 2218 3542 affluant:
2242 3487 2390 3541 unde
2414 3486 2680 3541 temeritas

534 3565 755 3618 illorum
782 3563 1064 3638 justiorem
1082 3566 1249 3620 habet
1272 3568 1688 3628 excusationem,
1709 3570 1866 3624 Conf.
1884 3573 2010 3637 XV,
2037 3573 2106 3642 93
2129 3589 2241 3644 seq.

610 3659 751 3712 Nor.
783 3658 903 3714 265.
932 3666 1199 3714 Petaurum
1214 3701 1231 3729 ,
1248 3663 1485 3735 πῦταυρον
1500 3701 1518 3730 ,
1539 3663 1762 3737 proprie
1779 3683 1938 3731 asser,
1961 3685 2056 3720 seu
2073 3666 2262 3720 tabula
2275 3664 2467 3737 parieti
2485 3662 2647 3716 affixa
2663 3701 2678 3726 ‚

538 3740 610 3794 ad
645 3758 811 3815 quam
845 3761 899 3797 se
942 3745 1158 3816 gallinoe
1180 3746 1369 3803 volatu
1389 3747 1689 3821 recipiunt,
1719 3759 1782 3802 ut
1805 3763 2151 3822 pernoctent3
2189 3749 2322 3806 binc
2345 3748 2598 3804 machina
2623 3748 2678 3800 in

1777 3925 1842 3944 u

608 4059 627 4086 ¹
664 4053 783 4103 Vid.
813 4055 945 4104 Suet.
964 4053 1091 4121 Aug.
1116 4073 1179 4104 21
1207 4068 1257 4107 et
1284 4073 1383 4122 293
1411 4057 1558 4108 ovid.
1577 4061 1704 4109 Fast.
1725 4060 1790 4121 V,
1811 4059 1916 4124 549
1933 4075 2036 4127 seq.
2060 4070 2111 4110 et
2130 4059 2231 4110 Dio
2254 4061 2390 4110 Cass.
2415 4058 2545 4121 LIV,
2575 4076 2601 4122 7
2630 4069 2678 4106 et

542 4140 575 4188 8
578 4175 607 4204 4
620 4137 709 4188 ubi
724 4139 855 4189 conf.
874 4137 1091 4188 Reimar.
1116 4139 1149 4204 5
1176 4141 1262 4190 85.
