3050 4884
552 303 685 378 400
877 293 1219 360 VARIAE
1264 291 1860 358 LEc'rloNEs
1907 293 2036 358 ET
2081 293 2390 387 NO'I'AE

551 427 709 462 versu
731 421 787 462 et
806 425 952 480 seqq.
989 407 1232 478 Coptitas
1262 417 1643 478 provocatores
1663 443 1679 470 ,
1717 405 2028 478 Tentyritae
2064 418 2242 458 autem
2283 419 2708 480 propugnatores

550 491 713 546 fuisse
730 532 747 560 ‚
783 510 893 544 non
917 491 1055 544 male
1078 487 1477 564 conjiciendum
1500 501 1610 554 est,
1641 487 1740 540 etsi
1757 489 1790 540 J
1797 507 1952 542 uven.
1976 501 2180 553 taeeat3
2205 515 2227 535 ι
2250 490 2382 542 Ach.

622 647 767 699 Van.
808 651 889 711 74.
926 651 1131 716 pugnas
1157 646 1375 714 infir-re,
1410 664 1460 698 2.

622 741 761 794 No'r.
799 748 889 811 74.
930 744 1129 810 Sagitta·
1148 716 1346 808 ’infistae
1368 759 1477 793 non
1500 753 1628 794 sunt
1650 739 1880 793 inimicae
1901 741 1982 794 vel
2000 739 2248 804 hostiles,
2272 738 2368 792 sed
2389 739 2446 792 in
2473 739 2706 812 aliquem

550 836 650 879 aut
674 822 885 896 aliquid
912 822 1129 878 directa}
1149 835 1203 876 et
1228 822 1391 876 illatae
1426 820 1582 894 (vid.
1617 822 1689 877 ad
1723 823 1845 878 Liv.
1881 821 1967 890 ΙΙ,
2001 841 2096 892 19,
2134 834 2189 876 et
2223 823 2407 876 Burm.
2449 820 2520 875 ad
2547 822 2704 893 Virg.

552 906 767 962 AEneid.
798 909 867 973 V,
894 907 1064 977 582.)

621 1057 756 1104 Van.
798 1053 885 1115 75.
924 1055 1065 1118 Fuga
1080 1088 1095 1114 ,
1122 1069 1168 1113 1,
1184 1054 1237 1114 8,
1262 1069 1281 1100 1
1296 1069 1341 1112 1,
1368 1053 1449 1113 15,
1472 1069 1552 1114 17,
1577 1067 1778 1116 19—22
1794 1051 2046 1116 ,plerique
2059 1051 2222 1107 eodd.
2241 1053 2396 1101 Paris.
2414 1061 2464 1099 et
2476 1051 2558 1102 ed.
2577 1051 2707 1100 Aah.

549 1166 620 1176 —-
656 1137 861 1198 Sceleri,
898 1155 958 1202 9,
989 1153 1073 1197 αι,
1104 1153 1189 1187 22.
1222 1164 1296 1176 -—
1333 1138 1556 1197 Iustam,
1579 1152 1628 1200 9.
1659 1139 1908 1184 Proeseane
1930 1134 2218 1184 instantibus
2241 1151 2411 1184 omnes
2430 1145 2571 1184 vetus
2597 1135 2700 1182 MS.

550 1221 791 1282 Merceri,
820 1221 908 1284 qui
930 1219 1122 1268 emend.
1150 1217 1308 1284 Terga
1316 1211 1455 1285 flag-a
1476 1217 1630 1267 celeri
1635 1227 1884 1283 praua-ne
1904 1217 2194 1267 instantibus
2219 1218 2406 1268 Ombis.
2443 1215 2704 1266 Schrader.

550 1307 686 1367 conj.
714 1303 1042 1368 praebentibus
1076 1303 1295 1352 omnibus
1308 1339 1325 1362 ‚
1361 1313 1410 1350 et
1446 1303 1672 1352 Lubinus
1692 1303 2047 1367 proescamibus
2083 1301 2309 1352 hostibus.
2348 1303 2474 1350 Mox
2507 1319 2580 1350 vs.
2620 1303 2706 1364 76.

553 1391 758 1454 Pampoe
782 1388 893 1456 (qui
919 1389 1056 1436 vicus
1073 1397 1180 1435 erat
1193 1387 1387 1435 vicinus
1404 1386 1674 1454 Tentyris)
1692 1387 1956 1454 legendum
1979 1405 2074 1454 pro
2088 1389 2279 1453 palmoe
2297 1368 2500 1452 putabal
2509 1387 2710 1436 Salmas.

550 1475 724 1522 Exere.
751 1473 882 1520 min.
911 1488 1024 1536 pag.
1047 1467 1148 1529 452
1165 1506 1181 1532 ,
1202 1471 1261 1520 B.
1286 1471 1413 1534 Quis
1435 1489 1580 1532 vero,
1609 1482 1664 1521 ut
1688 1471 1834 1520 situm
1857 1471 1998 1522 urbis
2024 1471 2270 1538 desIgnet,
2291 1489 2398 1520 eam
2429 1473 2540 1519 vieo
2560 1471 2708 1518 alicui

551 1555 681 1602 dicet
699 1553 913 1601 vicinam
934 1567 1038 1600 esse
1050 1553 1075 1600 Ρ

622 1647 765 1700 Nor.
804 1641 890 1716 75.
928 1651 1093 1712 Terga
1122 1647 1275 1714 fuga·
1304 1649 1678 1714 praestantibus,
1712 1643 2000 1712 dantibus,
2035 1645 2425 1718 praebentibus,
2465 1647 2704 1705 munibus,

552 1730 785 1804 Coptitis
812 1732 1025 1790 butant,
1053 1732 1141 1797 qui
1169 1735 1382 1797 Tentyra
1403 1735 1603 1797 colunt,
1629 1727 1916 1800 incolunt(
1933 1730 2230 1803 Tentyritoe
2249 1733 2271 1802 )
2288 1771 2303 1797 ,
2329 1733 2502 1781 vicina
2521 1731 2706 1780 umbro-

549 1834 621 1868 ,τω
637 1819 857 1884 palmoe,
892 1815 1003 1867 hoc
1034 1825 1142 1880 est,
1167 1814 1364 1886 palmis
1388 1813 1660 1866 umbrosis
1691 1815 1802 1868 sive
1827 1815 2100 1886 palmetis,
2141 1813 2209 1870 de
2235 1815 2434 1887 quibus
2467 1811 2592 1868 vid..
2609 1814 2701 1865 Jo.

552 1899 703 1971 Bapt.
737 1900 902 1951 Porta
930 1896 999 1950 de
1026 1915 1085 1951 re
1109 1898 1313 1950 rustica
1330 1935 1348 1962 ,
1371 1916 1497 1969 pag.
1522 1895 1627 1949 350
1642 1935 1657 1956 ‚
1693 1910 1756 1949 ut
1782 1895 1850 1950 de
1873 1897 2070 1972 palmis
2094 1898 2363 1972 AEgyptiis
2389 1893 2706 1950 Thebaicis·

552 2002 659 2056 que
680 1982 872 2036 Galen.
895 1977 963 2035 de
982 1981 1141 2037 Alim.
1173 1981 1259 2046 II,
1276 1987 1342 2033 26
1356 2021 1372 2047 ,
1396 1995 1450 2034 et
1470 1981 1612 2034 Plin.
1631 1978 1800 2045 XIII,
1826 1989 1876 2045 4.

622 2098 761 2145 Vn.
804 2111 888 2156 77.
925 2093 1041 2154 Hic,
1078 2110 1158 2155 10,
1190 2095 1272 2156 15,
1300 2095 1385 2154 16,
1412 2110 1493 2156 17,
1539 2107 1620 2156 19,
1643 2107 1730 2153 ao,
1756 2101 1853 2153 aa,
1885 2095 2110 2153 45-47,
2137 2102 2222 2156 49,
2247 2093 2333 2154 50,
2360 2092 2582 2152 54-60,
2606 2091 2672 2138 62
2693 2123 2710 2150 ,

554 2179 792 2241 64—69,
818 2186 1056 2238 71-742
1080 2193 1164 2238 77·

528 2279 537 2287 ’
624 2271 759 2323 Nor.
796 2287 865 2341 77
888 2289 999 2342 seq.
1039 2269 1196 2322 Conf.
1228 2266 1299 2322 ad
1337 2266 1446 2323 vid.
1480 2270 1563 2323 13.
1595 2271 1811 2336 Quidam
1833 2269 2192 2342 Coptitarum.

625 2367 765 2419 Nor.
805 2365 1034 2436 78-83,
1068 2365 1157 2418 En
1184 2365 1345 2438 plura
1383 2363 1515 2418 dirae
1549 2365 1959 2438 inhumanitatis
1985 2364 2214 2431 indicia,
2241 2383 2361 2438 quae
2390 2365 2598 2418 animus
2627 2363 2708 2416 le-

556 2449 729 2522 gentis
754 2448 973 2503 horret!

623 2597 764 2646 Vn.
805 2613 888 2660 79.
923 2598 1125 2645 Frustm
1142 2631 1158 2657 ,
1189 2596 1269 2656 16,
1290 2608 1355 2646 Μ’
1371 2631 1387 2658 ,
1405 2598 1489 2658 23,
1516 2607 1582 2655 24
1603 2631 1618 2656 ,
1641 2598 1725 2657 46,
1748 2605 1836 2658 47.
1859 2599 1962 2656 Ae,
1989 2611 2074 2656 2¹7,
2091 2595 2315 2654 46—50,
2338 2595 2434 2652 54,
2457 2593 2542 2654 55,
2563 2593 2701 2656 ⁵9·-

552 2679 640 2739 65,
657 2679 745 2740 68,
762 2681 857 2742 69,
882 2695 969 2742 71,
998 2695 1059 2744 7²
1076 2714 1093 2741 ,
1112 2681 1199 2741 73.

623 2772 762 2823 Nor.
800 2771 887 2824 80.
924 2775 1183 2844 Sufficeree
1196 2811 1212 2836 ,
1250 2771 1358 2826 cibi
1393 2772 1518 2826 loeo
1539 2785 1653 2826 esse
1679 2783 1860 2844 posset
1875 2812 1891 2838 ,
1928 2772 2044 2832 vel,
2087 2782 2149 2823 ut
2175 2768 2404 2841 quisque
2439 2769 2704 2840 acciperet

555 2854 795 2926 aliquam
818 2855 1021 2907 mortui
1042 2866 1267 2927 partem.

622 2999 757 3046 Vn.
795 2997 883 3046 81.
916 2995 1127 3061 Aheno,
1152 2999 1244 3058 25,
1276 2998 1513 3058 [ιδ-50,
1545 2997 1779 3060 57-60,
1813 2995 1914 3060 62,
1945 2999 2190 3062 64—69,
2225 3013 2317 3060 7ι,
2349 3013 2441 3058 72,
2475 2995 2571 3056 733
2603 2996 2705 3046 vid.

550 3081 613 3130 ad
650 3083 759 3140 111,
794 3081 913 3128 28⁵.

624 3173 761 3226 Nor.
800 3172 891 3226 83.
930 3175 1231 3239 Exspectare
1248 3171 1427 3238 focos,
1452 3170 1564 3224 hoo
1581 3183 1688 3235 est,
1711 3137 1955 3244 tempus,
1973 3170 2124 3245 quod
2156 3169 2228 3224 ad
2257 3189 2474 3224 carnem
2496 3171 2556 3224 in
2577 3171 2703 3224 foco

554 3256 643 3312 vel
664 3253 1003 3328 coquendam
1030 3253 1117 3308 vel
1142 3250 1429 3306 assandam
1446 3253 1757 3325 requiritur.

620 3403 760 3451 Van.
792 3399 877 3455 84.
912 3397 1037 3447 Hirro
1051 3431 1067 3458 ,
1089 3413 1169 3460 ro,
1188 3413 1251 3445 π
1272 3413 1300 3444 a
1320 3413 1387 3445 m.
1406 3413 1503 3448 sec.
1520 3399 1752 3461 23—25,
1773 3415 1859 3463 27,
1878 3399 2104 3460 45-50,
2124 3399 2213 3460 58,
2233 3399 2501 3464 61-69,7
2515 3409 2701 3461 2-74,

618 3497 801 3546 Axur..
839 3493 1067 3562 84-87,
1105 3491 1501 3544 Immanitatem
1522 3491 1951 3564 Tentyritarum,
1975 3489 2196 3544 crudam
2222 3490 2457 3544 hominis
2484 3511 2697 3546 carnem

548 3575 706 3630 avide
728 3573 1144 3646 deglutientium
1159 3614 1175 3640 ,
1204 3570 1367 3634 δεινῶς
1384 3575 1545 3628 simul
1561 3587 1619 3630 et
1641 3574 1813 3628 facete
1835 3573 2126 3628 adumbrat
2143 3587 2302 3647 poeta
2313 3615 2330 3642 ,
2351 3575 2560 3635 dicens,
2585 3590 2696 3629 tam

550 3657 731 3712 dirum
752 3677 864 3711 esse
883 3657 1057 3711 scelus
1075 3676 1261 3710 eorum
1276 3697 1292 3723 ,
1320 3670 1383 3711 ut
1399 3658 1480 3712 fas
1501 3659 1572 3712 sit
1591 3663 1814 3728 gaudere
1834 3671 1887 3712 et
1901 3662 2150 3727 gratulari
2168 3661 2277 3726 igni
2289 3699 2305 3724 ,
2331 3670 2604 3730 tamquam
2624 3661 2701 3713 rei

549 3759 730 3804 sacroe,
760 3738 910 3811 quod
932 3758 1053 3794 eam
1075 3759 1187 3793 non
1204 3743 1499 3794 violaverint
1514 3757 1738 3796 coctura
1762 3744 1940 3799 carnis
1963 3743 2213 3796 humanm
2233 3756 2286 3795 et
2305 3743 2382 3795 sic
2399 3744 2572 3796 scelus
2589 3763 2700 3797 soe-

546 3825 648 3878 leri
672 3821 1001 3876 addiderint.
1022 3823 1299 3897 suspicari
1316 3825 1493 3897 possis
1508 3864 1525 3892 ‚
1543 3845 1667 3879 eum
1688 3826 1980 3899 respexisse
2003 3825 2074 3877 ad
2095 3839 2332 3878 veterum
2351 3825 2703 3899 philosopho-

547 3925 669 3960 rum
707 3919 1101 3979 poetarumque
1132 3908 1375 3960 nationes
1410 3910 1812 3980 cosmogonicas
1847 3909 1914 3963 de
1953 3911 2147 3962 aethere
2185 3929 2436 3982 supremo
2471 3910 2557 3964 vel
2588 3911 2702 3981 igni

549 3991 807 4054 aethereo,
834 3989 1183 4043 subtilissimo
1226 4008 1290 4043 ac
1329 3991 1644 4063 purissimo,
1673 4012 1769 4064 per
1797 4005 1966 4048 totam
2000 4007 2280 4058 naturam,
2305 4011 2404 4064 per
2439 3997 2623 4046 caelum
2649 4007 2705 4046 et

546 4089 761 4138 terram,
784 4092 882 4146 per
899 4071 1149 4128 aetherem
1167 4088 1220 4129 et
1240 4073 1418 4129 sidera
1429 4115 1447 4142 ,
1465 4093 1565 4147 per
1582 4095 1765 4130 omnes
1788 4096 1872 4130 res
1890 4077 2040 4133 vivas
2056 4077 2280 4150 ipsaque
2298 4088 2452 4129 terrae
2469 4076 2697 4144 viscera,
