3050 4884
554 331 681 410 304
1099 333 1177 396 D.
1236 331 1513 395 JUNII
1569 331 2138 398 JUVENALIS

548 451 693 518 Nec
732 446 924 517 vultu
962 448 1255 533 dederit,
1293 470 1560 514 morum
1594 471 1861 541 quoque
1895 446 2104 536 filius,
2141 463 2205 517 et
2235 447 2350 542 qui

546 559 797 628 Omnia
831 558 1123 627 deterius
1151 571 1267 624 tua
1298 580 1424 649 per
1449 555 1738 650 vestigia
1763 572 2030 650 peccet,

548 668 890 761 Corripies
921 667 1276 750 nimirum,
1316 679 1385 732 et
1415 665 1762 758 castigabis
1797 668 2035 736 acerbo

546 773 892 860 Clamore,
928 799 1008 844 ac
1042 789 1197 870 post
1232 773 1379 842 haec
1412 770 1672 858 tabulas
1705 789 1967 842 mutare
2005 775 2291 868 parabis.
2411 793 2418 798 ·
2623 787 2690 840 55

546 885 749 954 Unde
777 885 898 953 tibi
922 884 1220 953 frontem
1248 882 1753 975 libertatemque
1781 884 2073 975 parentis
2089 936 2109 968 ,

547 995 781 1082 Quum
808 993 1015 1063 facias
1039 993 1273 1086 pejora
1299 1016 1530 1076 senex,
1568 1016 1994 1086 vacuumque
2020 992 2295 1061 cerebro

545 1105 583 1170 J
589 1127 697 1171 am
729 1103 993 1196 pridem
1032 1115 1239 1196 caput
1268 1100 1402 1170 hoc
1430 1114 1710 1168 ventosa
1748 1100 2096 1169 cucurbita
2129 1097 2432 1192 quaerat?

643 1213 929 1305 Hospite
960 1225 1283 1297 ventum,
1322 1209 1604 1278 cessabit
1635 1233 1833 1277 nemo
1868 1224 2160 1278 tuorum.

545 1321 760 1391 Verre
788 1322 1290 1415 pavimentum3
1332 1318 1576 1387 nitidas
1613 1319 1894 1388 ostende
1926 1318 2311 1404 columnas;
2628 1337 2694 1384 σο

546 1431 759 1501 Arida
788 1457 945 1500 cum
972 1444 1115 1499 tota
1145 1427 1505 1498 descendat
1533 1451 1778 1496 aranea
1808 1426 1973 1516 tela;

548 1541 679 1608 Hic
714 1538 862 1608 leve
893 1553 1287 1632 argentum3
1326 1561 1479 1606 vasa
1514 1561 1755 1631 aspera
1785 1551 2037 1633 tergeat
2062 1535 2266 1626 alter3

544 1651 697 1716 Vox
722 1646 985 1716 domini
1010 1646 1176 1715 furit
1200 1647 1509 1715 instantis
1535 1647 1927 1742 virgamque
1953 1648 2265 1716 tenentiS.

549 1760 734 1850 Ergo
772 1755 979 1824 miser
1006 1753 1333 1848 trepidas,
1372 1779 1461 1822 ne
1493 1770 1785 1825 stercore
1811 1757 1992 1827 foeda
2017 1757 2259 1826 canino

546 1865 735 1934 Atria
759 1863 1149 1959 displiceant
1177 1862 1395 1962 oculis
1421 1867 1749 1934 venientis
1773 1866 2002 1952 amici,
2626 1879 2691 1928 65

548 1976 654 2043 Ne
682 1972 950 2067 perfusa
980 1970 1125 2040 luto
1152 1973 1237 2042 sit
1260 1972 1601 2067 porticus;
1630 1987 1695 2041 et
1721 1989 1948 2043 tamen
1976 1999 2113 2043 uno

549 2082 859 2152 Semodio
894 2083 1110 2150 scobis
1146 2083 1293 2151 haec
1328 2083 1647 2151 emundat
1677 2083 1977 2152 servulus
2013 2107 2208 2151 unus,

549 2189 723 2260 Illud
752 2215 892 2258 non
917 2191 1162 2284 agitas,
1205 2205 1282 2259 ut
1318 2206 1616 2259 sanctam
1649 2191 1824 2260 filius
1861 2193 2045 2261 omni

550 2299 895 2394 Adspiciat
929 2300 1069 2367 sine
1102 2297 1249 2368 labe
1285 2298 1596 2386 domum,
1633 2300 1929 2394 vitioque
1966 2299 2346 2370 carentem?
2393 2283 2396 2288 ¹

550 2505 760 2562 merito
807 2503 1237 2581 castigandum,
1271 2523 1379 2562 nec
1424 2506 1512 2560 tui
1544 2505 1823 2562 duntaxat
1868 2505 1986 2563 oris
2029 2505 2368 2565 lineamenta
2404 2525 2700 2584 expresse-

553 2597 662 2668 rit,
704 2595 808 2653 sed
840 2615 1072 2653 morum
1098 2596 1266 2653 etiam
1286 2637 1305 2664 ,
1338 2607 1396 2653 et
1422 2596 1814 2671 improbitatis
1841 2607 2094 2671 paternae
2133 2601 2291 2672 quasi
2319 2599 2470 2656 filius
2494 2601 2700 2674 fuerit;

464 2681 471 2688 ’
555 2707 737 2763 quum
762 2689 975 2746 scelera
1005 2698 1104 2744 tua
1124 2685 1378 2744 fideliter
1398 2687 1683 2759 imitatus,
1713 2709 1780 2746 ea
1802 2687 2033 2764 flagitiis
2055 2690 2170 2747 suis
2191 2692 2380 2751 adhuc
2406 2694 2701 2768 pejoribus

552 2779 958 2850 cumulaverit,
984 2778 1149 2834 illum
1172 2777 1389 2834 scilicet
1416 2780 1838 2853 reprehendes,
1871 2791 1932 2836 et
1957 2780 2152 2838 verbis
2186 2785 2477 2840 atrocibus
2507 2785 2700 2842 incre-

550 2871 734 2947 pabis,
757 2872 901 2945 quin
918 2871 1093 2927 etiam
1112 2870 1437 2927 hereditate
1455 2871 1704 2944 spoliare
1723 2872 2059 2929 constitues.
2077 2875 2252 2932 Unde
2282 2876 2386 2931 tihi
2406 2879 2702 2954 arrogabis

550 2965 805 3021 frontem
846 2963 1024 3039 patris
1064 2975 1124 3020 et
1162 2963 1321 3020 illam
1359 2973 1616 3038 paternae
1657 2963 2080 3042 objurgationis
2119 2966 2476 3042 libertatem,
2522 2989 2702 3045 quum

552 3057 820 3134 graviora
861 3074 1062 3130 pecces
1095 3055 1218 3130 ipse
1248 3057 1369 3130 jam
1409 3067 1574 3113 aetate
1616 3068 1960 3132 provectus,
2001 3068 2061 3114 et
2099 3073 2270 3135 caput
2308 3073 2509 3134 tuum,
2552 3083 2698 3120 sanae

551 3149 759 3206 mentis
782 3167 1021 3222 expers,
1056 3147 1127 3204 iis
1158 3147 1369 3221 quibus
1405 3159 1682 3205 curantur
1715 3150 2075 3224 phrenetici,
2117 3154 2490 3212 cucurbitulis
2521 3169 2699 3214 vento

553 3242 738 3316 plenis
765 3239 1067 3316 indigeat?

634 3333 732 3410 59.
778 3334 975 3402 Quum
1012 3331 1223 3407 hospes
1263 3332 1470 3406 aliquis
1504 3344 1563 3388 te
1601 3333 1764 3389 domi
1795 3343 1905 3388 tuae
1945 3345 2334 3392 conventurus
2371 3347 2487 3406 est,
2526 3355 2700 3396 nemo

554 3444 675 3482 non
695 3436 931 3482 tuorum
955 3424 1309 3481 famulorum
1335 3425 1454 3500 agit
1481 3435 1750 3482 strenue:
1777 3423 2170 3500 pavimentum
2201 3444 2416 3506 purga,
2443 3429 2700 3506 inquies,

554 3517 854 3586 sordibus,
878 3516 1174 3572 columnas
1203 3527 1400 3592 terge;
1430 3526 1495 3573 tu
1522 3535 1755 3574 araneas
1778 3516 1922 3572 mihi
1941 3516 2074 3574 istas
2097 3517 2308 3590 dejice:
2335 3531 2402 3578 tu
2425 3535 2698 3598 argentea

554 3628 713 3679 vasa,
739 3619 801 3664 et
833 3626 961 3682 quae
1001 3617 1137 3664 sunt
1156 3606 1277 3663 sine
1318 3609 1627 3682 sculpturis
1649 3650 1667 3678 ,
1696 3618 1755 3664 et
1801 3627 1927 3682 quae
1967 3621 2102 3665 sunt
2137 3613 2360 3680 caelata,
2387 3624 2566 3690 terge.
2599 3617 2698 3674 sic

550 3700 679 3758 illos
716 3699 912 3757 furens
953 3698 1120 3756 dictis
1149 3719 1213 3756 ac
1247 3701 1590 3756 verberibus
1629 3700 1801 3756 etiam
1831 3718 2020 3776 urges.
2063 3703 2220 3779 Ergo
2264 3705 2541 3780 trepidas,
2589 3709 2696 3764 mi-

554 3812 646 3850 ser
664 3832 682 3863 ,
730 3811 793 3848 ac
834 3791 1087 3865 vereris,
1129 3811 1203 3850 ne
1249 3792 1393 3866 quid
1427 3791 1644 3848 soedum
1686 3790 1848 3847 domi
1885 3802 1995 3848 tuae
2025 3794 2239 3852 amicus
2275 3797 2582 3874 adspiciat3
2621 3821 2696 3857 ne

552 3885 763 3942 atrium
806 3883 1011 3964 qanino
1055 3896 1349 3955 stercore,
1394 3883 1656 3960 porticus
1691 3901 1856 3939 coeno
1901 3883 2198 3960 inquinata
2236 3889 2341 3961 sit;
2383 3911 2562 3966 quum
2605 3903 2697 3948 ta-

550 3996 683 4034 men
728 3973 941 4046 injecto
984 3993 1103 4032 uno
1142 3976 1449 4051 pulvisculi
1485 3974 1828 4031 semimodio
1877 3976 2012 4032 huic
2050 3980 2204 4036 malo
2244 3981 2466 4039 mederi
2513 3983 2696 4040 samu-

547 4073 636 4128 lus
672 4087 821 4126 unus
857 4067 1039 4142 possit
1068 4090 1080 4123 :
1110 4069 1259 4125 illud
1294 4088 1437 4126 vero
1464 4087 1587 4124 non
1619 4087 1812 4140 curaS,
1849 4077 1913 4125 ut
1953 4089 2160 4144 puram
2191 4072 2264 4128 ab
2293 4075 2454 4130 omni
2481 4074 2608 4130 labe
2637 4088 2698 4131 et
