3050 4884
919 378 1283 446 snum
1326 379 1721 447 DEmMA
1757 381 2188 466 QUARTA.
2497 378 2620 446 315

483 493 633 566 Nec
658 496 779 566 tihi
805 512 1125 591 parcetur
1150 498 1429 584 misero,
1474 495 1946 592 trepidumque
1969 497 2363 592 magistrum

480 603 565 670 In
600 629 803 674 cavea
834 631 1081 702 magno
1108 606 1385 676 fremitu
1413 604 1515 676 leo
1549 603 1738 676 tollet
1761 603 2090 676 alumnus.

581 714 765 783 Nota
800 716 1297 786 mathematicis
1334 716 1598 811 genesis
1627 730 1745 785 tua
1779 741 1798 786 τ
1834 716 1950 786 sed
1987 739 2192 812 grave
2223 715 2445 786 tardas

482 825 893 918 Exspectare
924 824 1111 896 colus
1136 828 1499 897 :morieris
1526 828 1814 896 stamine
1839 825 2145 896 nondum

484 934 799 1029 Abrupto
828 961 845 1006 :
868 937 1009 1032 jam
1036 961 1223 1008 nunc
1247 939 1471 1008 obstas
1494 952 1564 1008 et
1589 951 1749 1008 vota
1773 937 2058 1007 moraris
2083 961 2100 1005 :
2529 951 2630 1004 250

482 1046 633 1113 ,13111
672 1060 941 1142 torquet
970 1049 1293 1144 juvenem
1332 1046 1537 1142 longa
1569 1063 1638 1118 et
1667 1048 1939 1118 cervina
1969 1061 2292 1117 senectus.

484 1154 700 1226 Ocius
729 1159 1165 1255 Archigenen
1194 1183 1460 1253 quaere3
1494 1174 1700 1253 atque
1730 1181 1882 1227 eme
1898 1209 1918 1246 ,
1950 1156 2136 1250 quod
2163 1153 2591 1226 Mithridates

486 1269 923 1360 Composuit,
950 1269 1006 1338 si
1032 1271 1133 1338 vis
1158 1267 1355 1338 aliam
1387 1268 1752 1364 decerpere
1775 1267 2016 1354 ficum,

486 1377 707 1469 Atque
732 1373 891 1448 alias
916 1393 1209 1448 tractare
1235 1403 1464 1447 rosas:
1496 1378 1916 1448 medicamen
1948 1375 2336 1446 habendum
2367 1389 2502 1460 est,

486 1486 775 1556 Sorbere
800 1503 955 1558 ante
982 1488 1207 1558 cibum
1232 1486 1417 1582 quod
1444 1486 1686 1556 debeat
1711 1501 1780 1556 et
1801 1499 1993 1581 pater
2014 1500 2085 1555 et
2109 1509 2245 1554 rex.
2537 1494 2639 1550 255

582 1599 899 1667 Monstro
927 1595 1347 1692 voluptatem
1384 1597 1726 1692 egregiam
1743 1649 1763 1683 ,
1803 1597 1915 1666 cui
1946 1593 2134 1665 nulla
2163 1595 2430 1664 theatra
2447 1645 2466 1679 ,

488 1704 695 1774 Nulla
720 1727 986 1799 aequare
1015 1729 1222 1802 queas
1249 1707 1568 1776 Praetoris
1593 1705 1860 1800 pulpita
1891 1704 2091 1790 lauti,

487 1813 560 1883 Si
592 1830 887 1908 spectes,
934 1829 1193 1909 quanto
1228 1816 1464 1910 capitis
1494 1815 1888 1886 discrimine
1923 1827 2238 1884 constent

490 1925 920 1996 Incrementa
945 1921 1219 2012 domus,
1247 1939 1451 1995 aerata
1476 1923 1729 1995 multus
1757 1925 1831 1993 in
1860 1947 2020 1994 arca

490 2035 755 2121 Fiscus,
786 2051 855 2106 et
886 2035 971 2105 ad
1002 2035 1269 2131 vigilem
1303 2035 1602 2131 ponendi
1634 2040 1916 2108 Castora
1945 2034 2175 2120 numi,
2541 2051 2644 2099 ,σο

488 2148 591 2215 Ex
619 2170 755 2240 quo
778 2147 965 2216 Mars
987 2144 1191 2217 Ultor
1220 2144 1471 2241 galeam
1504 2170 1778 2242 quoque
1807 2143 2136 2241 perdidit,
2161 2159 2234 2213 et
2259 2168 2366 2212 res

489 2394 643 2467 11113,
670 2394 835 2471 cujus
856 2395 1103 2473 primam
1120 2395 1431 2454 scintillam
1448 2395 1576 2472 ipse
1593 2395 1926 2471 praebuisti,
1945 2393 2202 2451 flammas
2231 2394 2346 2450 late
2365 2407 2648 2469 spargen-

491 2498 609 2544 tem
628 2507 859 2561 cernes,
890 2496 949 2547 et
973 2499 1177 2548 0311013
1196 2488 1471 2548 incendio
1494 2487 1734 2565 lugubri
1755 2487 2152 2546 devastantem
2175 2485 2359 2542 :adeo
2389 2503 2512 2542 non
2543 2483 2651 2540 tibi

491 2590 694 2656 parcet
732 2581 831 2638 leo
870 2580 973 2638 ine
1010 2599 1186 2657 quem
1228 2582 1423 2640 aluisti
1437 2621 1457 2654 ,
1496 2593 1568 2639 ut
1607 2591 1814 2638 contra
1847 2590 1906 2638 10
1933 2579 2208 2637 miserum
2239 2577 2652 2654 trepidumque

494 2671 805 2730 dominum
830 2671 896 2728 in
926 2674 1291 2748 receptaculo
1316 2693 1424 2730 suo
1448 2691 1664 2750 mag-uo
1686 2691 1821 2730 cum
1840 2671 2082 2729 fremitu
2104 2670 2386 2727 absumet.

576 2773 647 2831 31.
657 2765 713 2822 8.
755 2765 996 2822 Νο1·3111
1022 2781 1157 2822 sane
1188 2765 1497 2843 astrologi,
1537 2775 1686 2841 quot
1710 2763 1788 2822 ad
1813 2763 2137 2820 vivendum
2165 2777 2350 2818 annos
2377 2761 2526 2817 hora
2553 2771 2650 2816 tua

495 2855 698 2912 natalis
728 2855 836 2912 tibi
859 2856 1270 2933 adpromittat3
1308 2858 1413 2914 sed
1440 2855 1566 2913 filio
1599 2867 1703 2914 tuo
1732 2856 2148 2931 permolestum
2179 2865 2265 2912 est
2291 2863 2652 2928 exspectare,

494 2947 637 3006 dum
683 2951 875 3007 Parca
918 2959 1039 3007 tam
1084 2950 1427 3008 diuturnum
1470 2949 1607 3006 vitae
1661 2960 1774 3006 tuae
1823 2959 2044 3006 stamen
2091 2946 2439 3004 absolvant:
2489 2943 2654 3020 quod

493 3051 805 3117 antequam
852 3053 1145 3102 resecetur
1164 3083 1185 3115 ,
1232 3053 1483 3101 mortem
1533 3053 1790 3117 oppetes.
1841 3038 2158 3117 Negotium
2195 3039 2316 3113 jam
2359 3053 2516 3093 nunc
2551 3035 2653 3110 ju-

494 3134 633 3192 veni
678 3135 905 3194 facessis
924 3177 942 3208 ,
989 3144 1050 3194 et
1091 3135 1473 3194 hereditatem
1522 3146 1824 3211 paternam
1868 3133 2026 3192 votis
2067 3133 2378 3191 devoranti
2425 3147 2654 3188 moram

494 3227 823 3304 longiorem
866 3229 1057 3290 affers.
1095 3228 1420 3288 Discruciat
1465 3228 1634 3286 illum
1677 3229 1800 3285 haec
1837 3239 1937 3284 tua
1975 3239 2093 3284 tam
2139 3228 2314 3304 longa
2335 3267 2353 3296 ,
2399 3235 2516 3282 tam
2572 3223 2652 3280 si-

496 3320 649 3377 milis
686 3319 933 3380 cervinae
962 3329 1225 3380 senectus
1252 3322 1491 3397 :itaque
1517 3333 1724 3379 auctor
1749 3321 2042 3392 1111133111,
2075 3332 2145 3378 ut
2175 3318 2466 3377 medicum
2501 3335 2652 3375 con-

496 3413 677 3483 sulas,
718 3425 780 3470 et
824 3433 979 3472 emas
1020 3414 1349 3471 antidotum
1391 3433 1427 3470 a
1465 3413 1810 3472 Mithridate
1852 3413 2238 3489 compositum
2262 3452 2279 3483 ,
2323 3409 2372 3467 si
2415 3408 2652 3466 alterius

496 3503 761 3562 autumni
801 3503 945 3562 ficus
987 3505 1295 3582 degustare
1318 3545 1337 3576 ,
1381 3513 1482 3562 aut
1522 3505 1680 3562 veris
1715 3504 1952 3563 alterius
1991 3521 2149 3562 rosas
2189 3500 2407 3559 intueri
2447 3501 2592 3558 velis
2634 3521 2648 3556 ε

498 3593 981 3654 medicamentum
1026 3596 1175 3656 illud
1219 3598 1283 3654 iu
1326 3609 1608 3673 promptu
1653 3598 1988 3655 habendum
2033 3607 2120 3654 est
2135 3635 2154 3666 ‚
2201 3593 2364 3671 quod
2411 3593 2652 3650 sorbere

500 3687 709 3746 debeat
725 3729 743 3759 ,
771 3699 1081 3765 antequam
1112 3690 1295 3767 capiat
1329 3691 1526 3748 cibum
1559 3701 1618 3748 et
1643 3701 1809 3767 pater
1839 3709 1874 3746 3
1907 3687 2076 3760 filiis,
2107 3699 2166 3746 et
2200 3707 2305 3744 rex
2337 3707 2370 3744 a
2405 3685 2652 3745 subditis

496 3792 779 3842 metuens.

580 3887 715 3946 256.
760 3889 939 3961 Quod
961 3891 1011 3948 si
1044 3889 1175 3967 quis
1200 3899 1418 3968 spectet
1451 3889 1680 3966 quantis
1705 3885 2006 3946 laboribus
2033 3895 2091 3942 et
2114 3884 2382 3942 aemmnis
2408 3902 2533 3940 rem
2561 3883 2646 3940 fa-

498 3980 787 4039 miliarem
803 3993 1053 4058 augeant
1071 3983 1257 4056 avari,
1284 3991 1610 4058 numosque
1640 3991 1811 4038 erata
1842 3999 1974 4037 arca
1999 3979 2253 4037 inclusos
2285 3987 2647 4044 coacervent,

498 4075 561 4132 in
590 4076 810 4150 templo
836 4075 1131 4152 vigilantis
1152 4075 1405 4134 Castoris
1430 4074 1842 4134 custodiendos
1857 4115 1875 4145 ,
1906 4091 1977 4130 ex
2005 4091 2076 4131 eo
2113 4071 2330 4128 scilicet
2356 4081 2646 4144 tempore,

501 4185 623 4244 quo
642 4187 678 4224 a
694 4167 921 4226 furibus
938 4169 1139 4226 31113131
1157 4180 1292 4226 sunt
1309 4168 1569 4245 pectmioe
1587 4167 1864 4245 depositae
1879 4165 1944 4224 in
1961 4165 2180 4242 templo
2197 4162 2404 4222 Martis
2421 4158 2650 4232 ultoris,
