3050 4884
881 416 989 481 IN
1036 412 1506 481 SATIRAM
1550 414 1945 481 NONAM.
2408 419 2489 485 35

327 529 502 580 audiet
526 526 713 594 simul,
745 546 858 599 quc
867 528 1363 599 pariter-finxerunt,
1383 526 1738 593 affinxerunt,
1762 528 2051 582 commenti
2068 542 2220 599 sunt,
2244 536 2494 600 librarius,

326 616 652 682 archimagiri
661 626 716 668 et
729 629 977 683 carptores
992 652 1011 675 ‚
1034 614 1142 668 hoc
1163 626 1273 680 est,
1297 612 1467 667 servi:
1485 632 1615 667 nam

702 713 844 758 Fama
867 712 1064 765 malum,
1101 728 1199 774 quo
1222 726 1322 759 uon
1356 711 1488 758 aliud
1511 710 1723 758 velocius
1745 712 1929 760 ullum:

703 786 978 833 nobilitate
999 786 1133 851 viget
1153 786 1374 849 viresque
1396 785 1606 847 acquirit
1626 786 1802 833 eundo.

325 873 484 945 Virg.
508 873 716 927 AEneid.
741 875 845 942 1v,
871 880 970 945 174
993 892 1102 947 seq.
1145 874 1284 927 Cum
1313 872 1528 927 delectu
1548 875 1767 947 positus
1797 888 1878 929 est
1904 897 2089 947 caup03
2113 898 2244 933 nam
2273 880 2331 935 in
2362 901 2495 937 cnu-

326 974 530 1029 ponam
545 956 728 1023 multi,
744 956 888 1031 iique
905 958 1249 1029 rumigeruli,
1267 956 1516 1031 quotidie
1534 961 1711 1030 etjam
1726 978 1936 1013 summo
1954 979 2113 1015 mane
2132 966 2495 1023 conveniunt:

326 1053 586 1112 praeterea
595 1044 851 1108 proximus
867 1055 964 1095 est.
983 1044 1313 1093 ——Libmn‘us
1331 1060 1516 1095 servus
1532 1080 1548 1105 ,
1566 1042 1773 1108 scriba,
1796 1042 1893 1114 qui
1910 1044 2081 1097 libros
2098 1083 2116 1109 ‚
2135 1046 2393 1118 epistolas
2420 1052 2491 1105 al.

325 1124 608 1178 describit.
646 1124 782 1177 Aliis
819 1138 898 1179 est
934 1143 1120 1178 servus
1154 1128 1291 1176 libroe
1325 1124 1650 1197 praepositus
1688 1126 1966 1179 culinariae
1986 1166 2003 1193 ‚
2039 1142 2133 1182 aut
2168 1130 2497 1189 ferculorum

327 1208 584 1262 diribitor
603 1221 655 1262 et
673 1207 838 1262 index
856 1228 888 1261 e
901 1212 1042 1261 Iibm.
1057 1238 1130 1250 -—
1146 1211 1482 1277 Amhimagiri
1494 1251 1509 1274 ‚
1526 1209 1868 1282 ἀρχιμάγειροι
1879 1249 1895 1276 ,
1916 1212 2160 1283 magistri
2177 1232 2495 1286 coquorum.

327 1322 400 1333 --
422 1294 678 1360 carptores
691 1314 714 1354 ,-
734 1292 846 1346 vid.
872 1291 945 1345 ad
962 1293 1034 1357 V,
1055 1310 1182 1355 no,
1203 1302 1258 1343 et
1275 1291 1427 1364 Lips.
1455 1292 1674 1345 Saturn.
1696 1293 1867 1346 Serm-
1897 1293 1955 1345 11
1972 1333 1986 1356 ,
2018 1312 2065 1345 ι.

401 1451 541 1499 Vn.
589 1466 701 1513 109.
739 1449 966 1498 Libat-ius
980 1484 995 1509 ‚
1025 1448 1122 1496 hoc
1148 1458 1246 1509 est,
1269 1448 1541 1497 dulciarius
1555 1482 1569 1506 ,
1598 1450 1729 1509 conj.
1749 1464 1857 1497 non
1874 1464 2047 1512 nemo,
2068 1460 2195 1499 teste
2213 1450 2497 1506 Plnthnero.

400 1546 538 1595 Vtin.
581 1561 699 1597 κιο.
737 1544 1014 1609 Raptor-es,
1064 1553 1114 1601 4.
1157 1545 1384 1591 Far-tores
1397 1576 1416 1601 ,
1461 1546 1519 1603 6,
1569 1558 1653 1590 21.
1691 1541 1949 1606 Captores,
1996 1554 2076 1601 14.
2115 1546 2222 1593 Nec
2259 1546 2461 1597 defuere
2478 1587 2494 1611 ,

327 1627 512 1691 quibus
537 1628 646 1676 haec
672 1628 982 1675 arriderent:
1016 1642 1102 1674 eos
1133 1637 1301 1675 tamen
1328 1643 1435 1675 non
1461 1626 1628 1675 bonos
1658 1636 1879 1674 veterum
1904 1628 2249 1676 conviviorum
2282 1630 2497 1681 arbitros

325 1712 502 1769 fuisse,
526 1712 648 1759 dicit
670 1711 805 1777 Lips.
825 1712 1023 1759 Saturn.
1041 1710 1198 1757 Serm.
1229 1712 1305 1769 11,
1331 1726 1380 1759 α.
1411 1738 1483 1747 -
1510 1710 1674 1775 Quid,
1701 1726 1760 1772 17
1790 1726 1818 1758 a
1840 1728 1907 1759 m.
1928 1727 2008 1775 pr.
2036 1726 2123 1775 19,
2152 1714 2248 1775 46,
2272 1716 2363 1777 48,
2389 1717 2457 1780 59
2480 1754 2497 1779 ,

324 1795 421 1853 60,
447 1797 538 1853 64,
565 1796 650 1845 65.
687 1793 810 1861 Qui,
839 1803 923 1856 47.
953 1792 1050 1841 Sed
1076 1793 1276 1861 gravius
1297 1802 1374 1841 est
1392 1792 1531 1857 quod
1546 1792 1747 1843 crimen.
1776 1792 1984 1841 Nullum
2005 1805 2080 1842 est
2100 1796 2317 1859 crimen,
2347 1800 2487 1864 quod

335 1892 444 1925 non
464 1887 799 1942 componant,
821 1887 912 1925 etc.
939 1904 1011 1913 —
1043 1875 1284 1937 Carmen,
1308 1884 1404 1938 49,
1425 1876 1492 1923 60
1508 1912 1522 1935 ,
1548 1874 1633 1925 65.

397 1974 536 2023 VAn.
581 1988 699 2021 111.
734 1970 1130 2030 numerarunt..

398 2064 541 2116 Nom.
583 2082 606 2117 1
621 2081 710 2125 10,
747 2081 769 2115 1
783 2081 866 2116 η.
909 2064 1094 2115 Senec.
1115 2063 1291 2135 Epist.
1319 2070 1384 2131 47
1407 2082 1424 2111 .·
1448 2061 1807 2115 -lnfelicibus
1824 2061 1991 2115 servis
2008 2080 2225 2117 movere
2249 2065 2406 2121 labra
2428 2088 2495 2121 ne

325 2148 386 2201 in
403 2148 513 2200 hoc
538 2146 756 2217 quidem
773 2184 788 2209 ‚
819 2158 883 2199 ut
902 2147 1215 2217 loquantur,
1241 2146 1401 2211 licet;
1437 2144 1591 2217 virga
1614 2162 1861 2197 murmur
1878 2164 2039 2199 omne
2061 2149 2425 2219 compescitur
2443 2164 2497 2205 et

324 2249 397 2284 ne
417 2230 640 2283 fortuita
653 2228 874 2301 quidem
896 2229 1215 2283 verberibus
1233 2239 1456 2300 excepta
1471 2240 1626 2293 euntg
1644 2267 1657 2279 .
1675 2264 1687 2276 .
1704 2266 1717 2277 .
1733 2265 1746 2277 .
1768 2226 1847 2279 sic
1866 2226 1956 2288 fit,
1980 2240 2043 2283 ut
2063 2229 2154 2281 isti
2168 2230 2237 2283 de
2260 2230 2496 2287 dominis

325 2319 640 2387 loquantur,
663 2314 864 2388 quibus
889 2332 1072 2366 coram
1093 2311 1319 2364 domino
1339 2310 1491 2381 loqui
1509 2329 1621 2363 non
1646 2310 1793 2363 licet.
1811 2336 1833 2355 ι
1864 2342 1936 2351 -
1967 2316 2155 2365 Cn'men
2176 2334 2491 2383 componere,

315 2399 530 2471 fingere
544 2438 558 2462 ,
581 2394 954 2460 comminisci,
975 2406 1037 2447 ut
1059 2393 1208 2466 apud
1227 2394 1399 2446 Cicer.
1419 2394 1580 2446 'Vei-r.
1599 2393 1716 2457 111,
1736 2396 1825 2446 61.
1846 2396 2127 2448 Rumoribus
2143 2400 2303 2453 malis
2317 2438 2332 2463 ‚
2353 2421 2491 2473 quos

326 2482 398 2535 de
412 2480 647 2534 dominis
663 2481 774 2533 suis
799 2491 1062 2552 spargunt
1077 2516 1092 2543 ‚
1117 2478 1420 2529 ulciscuntur
1439 2476 1633 2537 baltea,
1664 2476 1773 2527 hoc
1802 2488 1913 2542 est,
1936 2496 2125 2531 eorum
2141 2481 2387 2537 verbera.
2418 2516 2490 2527 -

325 2570 507 2619 Balteo
526 2577 706 2619 autem
723 2583 910 2638 propr.
941 2561 1153 2635 accipio
1179 2561 1248 2615 de
1264 2559 1495 2631 cingulis
1512 2578 1544 2613 e
1567 2560 1743 2623 corio,
1761 2580 1873 2613 non
1896 2558 1965 2614 de
1985 2562 2118 2617 loris
2134 2567 2223 2620 vel
2238 2567 2485 2640 flagellis,

325 2670 438 2731 quo
453 2668 613 2704 sensu
631 2666 900 2720 nusquam
917 2666 1024 2699 vox
1049 2644 1248 2716 legitur
1263 2664 1280 2710 3
1316 2645 1415 2697 etsi
1434 2645 1700 2698 sententia
1715 2645 1827 2698 fere
1844 2644 2035 2698 eudem
2053 2661 2149 2701 est.

397 2748 539 2800 Nor.
585 2766 608 2797 t
621 2766 642 2795 1
655 2764 704 2798 α.
743 2750 846 2793 Per
863 2745 1077 2810 compita
1095 2780 1112 2807 ,
1129 2740 1228 2794 ubi
1251 2740 1472 2811 plurimi
1492 2740 1736 2793 homines
1758 2738 2104 2794 conveniunt.

398 2845 540 2898 Norr.
583 2860 605 2893 1
621 2843 701 2895 13.
739 2844 1000 2891 Nolentem
1038 2838 1208 2910 quaeri
1251 2856 1283 2890 a
1318 2836 1553 2908 garrulis
1590 2836 1709 2891 istis
1742 2854 2035 2908 eorumque
2074 2856 2247 2911 nugas
2284 2844 2488 2900 audire.

325 2927 486 2979 Conf.
503 2924 675 2979 verbu
698 2921 906 2994 garruli
928 2918 1074 2993 apud
1099 2920 1295 2973 Horat.
1320 2918 1479 2971 Satir.
1503 2918 1563 2983 Ι,
1583 2936 1615 2985 9
1637 2955 1654 2982 ,
1682 2924 1745 2981 14
1764 2936 1876 2990 seq.
1905 2922 2129 2983 Vinosus,
2155 2922 2369 2987 ebrius,
2394 2929 2491 2998 qui

327 3012 512 3067 omnia
527 3051 542 3073 ,
556 3010 722 3064 etiam
741 3024 970 3071 arcana,
989 3005 1209 3060 effutire
1233 3002 1386 3057 solet.
1410 3004 1653 3067 Imbria,
1683 3000 1853 3055 facete
1874 3002 1931 3056 h.
1959 3004 2065 3059 loc.
2088 3004 2156 3061 de
2181 3009 2364 3061 vinoso
2386 3030 2489 3082 pro

327 3091 598 3147 obtundat
615 3092 704 3145 vel
730 3090 983 3162 impleat,
1009 3107 1181 3139 aurem
1196 3124 1214 3149 ‚
1238 3099 1302 3139 ut
1323 3088 1520 3153 spiritus
1548 3086 1679 3137 aeris
1688 3087 1903 3157 flatibus
1920 3093 2183 3141 venenatis
2207 3094 2487 3157 inebriatur,

327 3176 478 3250 apud
495 3174 684 3230 Sidon.
709 3174 886 3247 Epist.
907 3175 964 3237 I,
992 3172 1046 3227 5.
1065 3178 1226 3225 Aures
1251 3173 1552 3223 temonibus
1573 3170 1798 3236 refert-ire
1822 3171 1908 3223 vel
1936 3173 2179 3239 imbuere,
2203 3174 2352 3246 apud
2371 3176 2489 3230 Cic,

329 3281 432 3333 pro
457 3260 596 3313 Rab.
622 3260 750 3313 Post
778 3266 871 3322 14,
891 3270 946 3313 et
966 3256 1143 3310 Tacit.
1172 3255 1313 3307 Hist.
1335 3256 1439 3319 IV,
1460 3272 1511 3323 7.
1541 3253 1633 3305 Sic
1658 3265 1713 3306 et
1732 3252 1881 3307 Galli
1898 3252 2089 3309 dicunt
2108 3276 2123 3310 :
2143 3261 2332 3311 enivrer
2349 3266 2489 3329 quel.

327 3344 483 3413 qu’un
518 3346 580 3393 de
607 3362 698 3393 son
732 3343 868 3393 babit
882 3380 898 3407 ,
941 3359 1035 3395 seu
1066 3354 1258 3407 coquet.
1302 3337 1565 3391 Similiter
1604 3337 1717 3390 fere
1762 3339 1994 3391 Romani
2026 3342 2213 3406 bibere,
2258 3346 2452 3397 laam-im
2468 3386 2485 3413 ,

328 3428 526 3479 trabere
555 3428 755 3476 auribus
785 3426 873 3477 vel
902 3426 1072 3487 oculis,
1101 3442 1204 3495 pro
1228 3420 1579 3494 cupidissime
1605 3418 1796 3474 audire
1814 3434 1869 3474 et
1886 3422 2243 3477 intentissime
2273 3426 2490 3494 videre,

329 3509 570 3581 metaph.
592 3510 664 3561 ab
685 3508 946 3562 aviditate
966 3505 1193 3561 bibendi
1215 3506 1401 3579 petita.
1443 3512 1629 3559 Aurem
1652 3506 1880 3557 miseram
1894 3544 1913 3571 ,
1940 3518 2089 3560 tunm
2109 3545 2126 3572 ‚
2154 3508 2252 3579 qui
2282 3510 2363 3563 sic
2388 3514 2489 3565 mi-

332 3611 449 3645 sere
469 3592 736 3664 torqueris
759 3610 773 3645 ε
801 3591 1166 3645 miserrimum
1183 3591 1328 3643 enim
1352 3602 1432 3643 est
1451 3630 1468 3657 ,
1501 3587 1709 3660 garruli
1730 3588 1945 3662 ineptiis
1968 3590 2232 3663 patientes
2252 3596 2489 3666 praba-e

333 3694 512 3729 aures.

403 3822 542 3869 VAu.
587 3830 704 3877 114.
743 3822 912 3885 Roga,
949 3822 1028 3869 16.

407 3915 548 3965 No‘r.
590 3920 709 3976 1¹4·
747 3918 868 3965 Illos
892 3930 1091 3966 servos.
1120 3916 1282 3963 Paulo
1316 3924 1463 3973 ante,
1489 3928 1636 3980 supr.
1664 3926 1739 3959 vs.
1772 3910 2035 3977 93-101,
2068 3916 2295 3979 Petebat,
2322 3915 2492 3971 scilic.

329 3993 771 4047 taciturnitatem.

409 4094 550 4147 Nor.
595 4110 617 4145 ι
631 4096 713 4145 16.
757 4098 917 4161 Quam
934 4104 1109 4159 potare
1124 4103 1332 4143 tantum
1347 4089 1552 4140 Falerni
1562 4126 1577 4149 ,
1596 4084 1708 4139 vini
1726 4088 2145 4157 prestantissimi
2157 4128 2174 4153 ,
2201 4100 2255 4142 et
2272 4089 2493 4161 quidem

335 4179 576 4245 subrepti,
602 4176 788 4229 furtim
811 4176 982 4229 ablati
997 4216 1014 4242 ,
1047 4173 1197 4247 quod
1221 4172 1436 4226 dulcius
1467 4188 1581 4223 esse
1609 4167 1829 4237 dicitur,
1848 4184 2103 4239 quantum
2136 4174 2333 4223 bibebat
2358 4178 2494 4225 Lau.

2108 4257 2169 4320 3.
