3050 4884
735 342 848 407 IN
895 342 1350 407 SATIRAM
1392 342 2053 410 UNDECIMAM.
2128 364 2133 368 ·
2350 346 2473 433 159

311 454 616 519 consulem,
657 468 713 509 et
735 474 857 528 quie
880 454 950 510 de
981 475 1048 509 eo
1084 454 1252 509 tradit
1275 456 1456 509 Valet.
1483 456 1711 511 Maxim.
1738 458 1795 509 11
1811 496 1827 523 ‚
1848 459 1879 512 3
1899 498 1916 525 ,
1940 478 1991 513 2.
2019 488 2092 501 ·-—
2112 461 2195 514 De
2210 458 2297 514 his
2332 465 2477 530 regie

309 538 475 587 vorbis
493 536 588 591 adi
606 539 849 611 Lipsium
875 546 1068 593 Satur-n.
1091 558 1212 611 pag.
1239 543 1324 593 60.
1345 540 1454 593 En.

380 633 434 684 N
435 652 522 686 or.
559 652 593 703 9
612 653 722 707 seq.
746 635 886 687 Sunt
909 647 1168 707 praterea
1185 634 1344 688 multi
1361 635 1500 706 gulas
1519 633 1865 707 indulgentes
1878 676 1895 703 ,
1917 636 2012 708 qui
2033 637 2267 709 pecunia
2284 652 2479 693 mutuo

309 728 522 787 sumpta
563 718 740 771 lautas
775 731 964 772 emunt
1007 717 1172 791 dapes
1187 758 1203 784 ,
1243 738 1491 792 quosque
1537 724 1755 771 credecor
1795 741 1925 789 ιιι-[10
1971 724 2135 773 elusus
2154 760 2172 783 ,
2212 724 2323 777 hoc
2361 736 2442 778 est
2462 763 2479 789 ,

309 796 567 871 deceptus
591 820 728 855 vana
750 802 1150 874 pollicitatione
1171 803 1460 857 solutionis
1477 843 1492 867 ,
1514 804 1573 856 in
1592 808 1803 857 macello
1818 843 1835 871 ,
1854 805 1949 857 ubi
1972 804 2207 860 delicata
2232 807 2479 862 venduu-

310 893 399 934 tur
425 886 650 955 opsonia
667 925 682 949 ‚
708 897 762 939 et
789 885 964 957 gulosi
991 885 1238 937 homines
1258 886 1571 958 frequenter
1596 888 1954 953 conveniunt,
1979 903 2260 957 exspectat,
2286 903 2345 943 ut
2366 892 2479 944 exi-

308 977 402 1035 gat
428 968 499 1019 ab
526 970 594 1021 iis
613 969 783 1022 fenus.
815 969 972 1022 Cous.
1001 969 1193 1022 Horat.
1215 968 1378 1024 Satir.
1405 973 1458 1033 Ι,
1484 991 1513 1021 2
1537 1012 1552 1036 ,
1580 989 1631 1039 7,
1653 990 1763 1044 seq.
1781 984 1835 1025 et
1860 973 2033 1044 Epist.
2065 973 2092 1024 1
2111 1013 2126 1039 ,
2158 974 2241 1037 15,
2269 979 2337 1027 26
2362 994 2475 1048 seq.

309 1050 604 1105 Macellum
645 1051 1062 1125 frequentabant
1099 1053 1363 1117 Romani,
1401 1052 1617 1125 ipsique
1654 1056 1733 1108 ibi
1766 1057 2021 1110 emebant
2059 1058 2321 1129 opsonia,
2358 1078 2478 1131 quae

309 1135 476 1188 servis
503 1134 726 1189 domum
769 1133 990 1188 ferenda
1028 1132 1340 1189 tradebant.
1772 1134 1777 1139 ’

379 1232 520 1284 Nor.
563 1250 645 1285 11.
683 1232 794 1298 Qui
825 1244 1037 1284 tantum
1063 1232 1254 1293 vivunt
1272 1271 1289 1298 ,
1322 1245 1375 1286 et
1408 1233 1592 1287 vivere
1625 1234 1845 1300 volunt,
1870 1250 1932 1289 ut
1962 1236 2128 1293 edant
2158 1252 2213 1291 et
2244 1238 2481 1294 serviant

309 1315 480 1385 gulae3
503 1310 566 1367 ὧν
585 1316 610 1367 ὁ
636 1316 736 1375 θεός
753 1318 786 1373 ἡ
811 1315 972 1367 κοιλία.
989 1352 1006 1379 ,
1029 1319 1099 1369 D.
1126 1316 1325 1369 Paulus
1350 1316 1420 1369 ad
1438 1318 1581 1372 Phil.
1604 1320 1691 1371 ΙΙΙ
1708 1358 1724 1385 ,
1756 1338 1840 1389 19.
1870 1322 1955 1374 Cf.
1976 1322 2077 1375 inf.
2098 1322 2240 1389 XII,
2267 1324 2353 1389 50,
2378 1324 2478 1391 513

309 1399 452 1452 Gell.
475 1401 616 1463 vn,
644 1404 724 1461 16,
744 1412 796 1453 et
815 1402 1004 1452 Athen.
1027 1400 1126 1461 IV,
1149 1400 1209 1453 15
1231 1401 1322 1467 (48
1336 1404 1375 1470 ),
1399 1421 1522 1474 pag.
1554 1402 1672 1471 159,
1693 1404 1791 1457 ubi
1808 1405 1972 1458 etiam
1995 1404 2293 1459 laudantur
2310 1409 2479 1465 verba

310 1484 576 1537 Socratis:
601 1476 643 1536 ὁ
670 1484 924 1555 Σωκράτης
943 1478 992 1534 δ’·
1019 1484 1156 1556 ἔλεγε
1187 1490 1281 1536 τῶν
1307 1484 1466 1537 ἄλλων
1499 1486 1760 1559 ἀνθρώπων
1790 1486 2056 1561 διαφέρειν,
2089 1491 2291 1543 καθόσον
2320 1493 2363 1543 οἱ
2391 1492 2475 1562 μὲν

311 1570 448 1627 ζῶσιν
465 1608 480 1633 ,
513 1567 571 1619 ἶν’
599 1568 828 1620 ἐσθίωσιν·
869 1568 1010 1627 αὐτὸς
1039 1562 1088 1617 δ’
1112 1568 1278 1633 ἐσθίει,
1307 1568 1384 1621 ἵνα
1410 1570 1494 1641 ζῇ,
1524 1590 1643 1643 quae
1675 1586 1727 1626 et
1760 1572 2014 1645 leguntur
2040 1574 2191 1647 apud
2219 1577 2472 1631 Macrob.

312 1652 425 1705 Sat.
465 1654 527 1705 11
545 1692 560 1719 ,
603 1653 656 1706 8.
819 1654 826 1663 ‘

379 1748 521 1801 Nor.
566 1766 647 1799 12.
687 1748 814 1813 Quo
837 1748 958 1819 quis
981 1748 1180 1801 horum
1201 1749 1452 1801 miserior
1469 1746 1621 1804 estet
1638 1754 1950 1823 pauperior,
1978 1772 2043 1815 eo
2066 1754 2202 1809 vivit
2228 1760 2473 1826 egregius,

308 1834 417 1885 hoc
442 1845 551 1895 est,
583 1833 755 1903 magis
786 1833 1027 1904 egregie,
1059 1834 1259 1887 lautius
1286 1852 1299 1887 :
1336 1836 1692 1907 comparativ,
1732 1835 1955 1890 adverb.
1986 1850 2051 1890 ut
2077 1838 2228 1912 apud
2261 1842 2479 1896 Lucret.

309 1918 424 1984 lv,
448 1922 550 1988 469
575 1937 588 1971 :
612 1937 739 1971 raro
759 1918 1040 1971 usitatum.

381 2016 520 2068 Nor.
567 2014 648 2067 13.
688 2015 794 2079 Qui
825 2034 946 2067 mox
977 2013 1050 2069 ad
1073 2015 1296 2083 incitas,
1336 2015 1423 2069 vel
1447 2028 1741 2069 extremam
1772 2015 2051 2087 redigetur
2074 2030 2477 2090 paupertatem.

308 2100 647 2173 Hetaphorae
671 2100 741 2152 ab
767 2100 944 2154 hianti
972 2114 1025 2154 et
1052 2102 1256 2154 rimoso
1285 2102 1520 2173 pariete,
1556 2119 1649 2154 seu
1682 2119 1841 2153 muro
1878 2100 2082 2167 ductae,
2111 2102 2201 2155 vel
2238 2102 2310 2155 ab
2347 2102 2478 2157 aedi-

305 2185 435 2239 ficio
459 2225 475 2248 ‚
529 2188 684 2258 cnjus
733 2188 891 2240 ruina
937 2188 1052 2259 Jam
1103 2184 1386 2259 impendet
1431 2197 1486 2238 et
1533 2183 1819 2238 manifesta
1861 2196 1955 2237 est.
2007 2216 2079 2225 —
2131 2191 2425 2239 Per-lucente
2458 2225 2477 2255 ,

309 2282 614 2342 apparente
657 2289 754 2342 per
795 2270 978 2323 rimas.

379 2365 521 2418 Nor.
567 2371 648 2429 14.
687 2372 910 2429 Interea,
938 2366 1255 2438 priusquam
1279 2363 1353 2418 ad
1379 2365 1573 2418 incitas
1598 2376 1723 2417 sunt
1758 2361 1999 2427 redacti,
2022 2378 2192 2431 gustus
2211 2404 2227 2430 ,
2251 2366 2443 2437 epulas
2462 2405 2477 2429 ‚

305 2467 446 2521 quas
464 2461 622 2519 gustu
642 2449 928 2519 explorant
943 2488 958 2511 ,
985 2464 1217 2517 qnoenmc
1231 2469 1329 2516 per
1351 2451 1520 2499 omnia
1547 2452 1819 2507 elementa,
1849 2465 1947 2517 per
1970 2464 2175 2511 aerem,
2202 2465 2399 2519 aquam
2422 2462 2478 2502 et

303 2544 506 2587 terram
531 2551 546 2585 :
577 2533 858 2598 volucres,
884 2532 1058 2605 pisces
1076 2570 1090 2593 ‚
1126 2534 1266 2587 feras
1293 2544 1346 2586 et
1373 2532 1580 2586 fructus
1610 2544 1764 2584 terrae
1793 2529 2201 2600 exquisitiores;
2231 2543 2291 2582 ut
2324 2531 2475 2603 apud

299 2617 493 2671 Seuec.
535 2618 790 2679 Comi-ov.
823 2618 898 2682 V,
924 2617 1073 2690 proef.
1114 2615 1438 2688 «Quidquid
1477 2615 1662 2669 avium
1686 2614 1909 2677 volitat,
1937 2612 2207 2684 quidquid
2239 2615 2473 2685 piscium

299 2712 482 2759 natat,
523 2698 790 2771 quidquid
821 2699 1056 2751 ferarum
1086 2698 1372 2760 discurrit,
1405 2697 1605 2750 nostris
1641 2696 1899 2767 sepelitur
1932 2696 2231 2748 ventribus.
2276 2699 2473 2763 Quaere

297 2801 456 2839 nunc
483 2801 580 2835 eur
605 2782 786 2834 subito
812 2781 1137 2834 moriamur:
1160 2782 1426 2835 mortibus
1445 2781 1696 2833 vivimus.
1714 2790 1731 2815 ¹
1748 2804 1774 2824 a

379 2882 524 2934 Nor.
567 2879 792 2932 15—16.
829 2876 1158 2948 Magnitudo
1185 2877 1348 2949 pretii
1371 2894 1481 2928 1100
1507 2875 1711 2937 obstat,
1750 2890 1861 2945 quo
1885 2871 2065 2923 minus
2091 2870 2363 2926 desiderio
2396 2878 2473 2928 ci-

299 2968 506 3020 borum
525 2962 828 3034 capiantur,
853 2978 964 3015 non
986 2961 1178 3029 minuit
1203 2959 1561 3021 desiderium,
1586 2958 1718 3028 quin
1738 2954 1920 3027 potius
1942 2953 2081 3007 illud
2105 2967 2298 3027 auget:
2324 2960 2371 3007 si
2392 2961 2470 3009 in-

301 3052 459 3103 corius
489 3051 739 3107 attendas,
776 3045 1081 3099 accuratius
1115 3064 1230 3099 rem
1258 3043 1563 3099 consideres
1580 3082 1595 3109 ‚
1630 3044 1791 3111 magis
1820 3043 1909 3093 illa
1926 3042 2141 3108 jumne,
2168 3040 2469 3109 delectant,

301 3134 558 3189 suaviora
589 3132 656 3185 iis
693 3130 948 3185 videntur
979 3130 1260 3201 magisque
1295 3140 1647 3202 appetuntur,
1680 3145 1792 3193 quae
1816 3128 1998 3193 pluris,
2035 3128 2230 3199 majori
2262 3129 2467 3199 pretio,

299 3232 544 3271 munem.
571 3215 728 3269 conf.
755 3216 972 3269 Petron·
1003 3214 1072 3283 93
1093 3253 1108 3281 ,
1137 3225 1192 3267 et
1211 3214 1398 3267 Senec.
1425 3212 1645 3266 Consol.
1673 3210 1745 3265 ad
1766 3210 1923 3263 Helv.
1947 3227 1993 3262 c.
2022 3226 2073 3277 9.

381 3363 517 3410 Vsa.
561 3378 640 3423 ¹7·
679 3364 958 3421 Accersere,
983 3375 1047 3407 22
1063 3396 1079 3421 ,
1106 3368 1196 3419 24,
1220 3360 1313 3419 60,
1338 3359 1424 3415 64.
1449 3360 1523 3407 De
1545 3375 1645 3423 qua
1664 3358 1907 3421 scriptura
1932 3354 2031 3404 vid.
2052 3352 2293 3404 Schelleri
2314 3358 2461 3407 Praee.

305 3444 428 3510 styli
467 3445 594 3493 bene
635 3445 773 3493 latin.
805 3456 924 3493 10111.
966 3446 991 3492 1
1011 3481 1026 3506 ,
1066 3460 1176 3509 pag.
1219 3444 1302 3491 38.

1150 3577 1334 3597 m

379 3688 398 3713 ²
439 3680 572 3729 Malo
587 3680 854 3741 Grangaeus
864 3678 976 3726 coll.
996 3679 1107 3726 Seu.
1126 3678 1218 3741 Ep.
1237 3677 1306 3739 89
1322 3710 1338 3737 ,
1426 3691 1569 3741 aper,
1596 3692 1751 3738 anas,
1778 3690 1944 3731 anser,
1966 3674 2071 3732 bos,
2106 3684 2195 3723 etc.
2212 3676 2291 3723 vel
2316 3680 2465 3728 simul

304 3770 358 3809 et
378 3759 581 3809 (3011001.Ι
606 3758 668 3805 ad
695 3758 837 3805 Helv.
856 3774 899 3805 c·
919 3775 966 3819 9,
993 3756 1198 3820 exponit
1211 3790 1226 3816 ,
1243 3770 1336 3819 per
1428 3754 1802 3820 apponijubent
1816 3754 2003 3811 edulia,
2024 3770 2237 3817 quorum
2258 3760 2461 3807 nomina

245 3842 252 3849 '
305 3854 482 3888 omnes
502 3838 640 3886 orbis
659 3848 800 3885 terrae
822 3852 999 3899 easque
1017 3835 1339 3899 10081οᾳ1110-
1428 3835 1490 3883 ab
1510 3836 1681 3883 eadem
1700 3834 1840 3882 litera
1860 3833 2107 3897 incipiunt
2120 3870 2135 3892 ,
2162 3836 2325 3897 qualia
2344 3850 2463 3886 suut

304 3936 388 3967 res
413 3928 600 3983 partes3
633 3933 726 3965 nec
759 3916 936 3965 melius
964 3915 1049 3963 alii
1072 3931 1085 3962 1
1112 3926 1338 3979 quaerunt
1421 3914 1605 3981 pullus,
1628 3912 1837 3977 perdix,
1859 3930 2031 3977 pavus,
2056 3929 2245 3977 perna,
2264 3918 2461 3977 por-cel-

307 4014 484 4047 omnes
498 3996 639 4045 cibos
652 4031 667 4054 ,
691 4012 906 4061 quorum
925 4010 1112 4044 00111011
1133 3990 1196 4042 ab
1215 4010 1339 4043 una·
1429 3996 1526 4056 lus,
1538 3994 1716 4059 piscis,
1739 4006 1828 4042 etc.
1846 3994 1985 4054 cujus
2004 3994 2211 4041 luxuriae
2230 3996 2461 4046 inventor

302 4094 505 4142 quaque
549 4075 798 4142 alphabeti
839 4076 978 4124 litera
1026 4076 1203 4139 incipit
1225 4108 1240 4134 ,
1285 4084 1342 4123 ut
1429 4074 1719 4123 Antoninus
1742 4074 1893 4135 Geta,
1924 4082 2045 4121 teste
2073 4073 2349 4137 Spartiano.
