3050 4884
565 357 693 423 228
885 355 1228 422 VARIAE
1274 354 1863 421 LECTIONES
1909 357 2036 421 ΕΤ
2080 355 2425 441 ΝΟἸἼΕο

555 471 757 524 frustra
791 472 1116 544 exspectabo
1155 469 1328 524 donec
1365 469 1667 542 reperiatur
1684 510 1701 538 ,
1744 471 1837 544 qui
1858 509 1873 536 ,
1914 484 2017 524 etc.
2052 472 2265 542 (Germ.
2294 473 2519 524 damula
2554 486 2711 524 warte

557 558 709 621 einer,
729 557 813 610 vel
829 595 846 622 ,
872 559 968 606 den
991 558 1141 624 mo'ge’
1167 555 1246 604 ἰσΙι
1264 555 1456 624 seben.)

629 652 771 704 Nor.
813 655 898 717 96.
939 649 1085 702 Bene
1116 667 1226 702 non
1261 645 1429 700 modo
1457 648 1705 716 gallinam
1732 645 1869 701 dixit
1890 661 2052 720 poeta
2070 689 2093 714 ,,
2120 649 2218 702 sed
2246 662 2301 703 et
2330 669 2517 719 ιτς-ιω»
2548 663 2711 723 atque

563 740 735 787 oculos
763 738 1072 786 claudentem
1091 769 1108 796 ‚
1135 728 1537 785 moribundam.
1560 734 1857 796 Impendas,
1884 744 2109 794 mactet,
2134 744 2196 784 ut
2224 732 2372 785 dono
2392 751 2511 785 eam
2534 735 2717 786 mittat

553 818 640 872 vel
663 837 765 890 pro
794 818 970 871 salute
999 815 1159 870 amici
1177 813 1444 868 sacrificet
1467 811 1600 877 «liin
1631 811 1701 866 de
1726 831 1837 884 quo
1860 813 1968 868 vid.
1994 813 2064 868 ad
2086 817 2261 880 x111,
2289 815 2407 870 233.
2441 846 2513 858 —-
2534 821 2709 868 Amico

549 918 652 954 tam
693 905 849 954 sterili
863 939 878 966 ‚
920 918 951 952 a
991 918 1102 971 quo
1139 909 1251 950 tam
1290 915 1484 970 parum
1528 896 1879 950 emolumenti
1920 916 2101 969 speres
2116 937 2131 960 ,
2174 899 2270 970 qui
2309 912 2421 952 tam
2458 899 2713 971 exiguam

551 989 756 1038 fluetus
788 999 938 1054 spem
965 981 1234 1052 probeat,
1272 999 1442 1052 quum
1475 993 1582 1032 tres
1609 978 1811 1033 habeat
1842 980 2017 1046 filios;
2045 980 2157 1037 vid.
2196 980 2269 1036 ad
2304 983 2447 1048 VII,
2476 988 2563 1049 49.
2598 983 2713 1036 Alii

549 1071 760 1121 sterilem
782 1069 998 1119 amicum
1017 1065 1267 1136 εἰρωνικῶς
1295 1063 1406 1118 dici
1425 1075 1641 1138 putant.
2316 1111 2321 1114 .

618 1215 752 1263 Vsa.
789 1214 875 1278 98.
917 1213 1104 1274 eadat,
1126 1228 1211 1262 22.
1235 1239 1304 1249 —
1323 1211 1586 1268 Dolorem,
1615 1226 1701 1258 22.
1731 1209 1979 1270 Colorem,
2010 1213 2095 1272 73,
2121 1229 2204 1275 77.

615 1309 757 1362 Nor.
799 1309 885 1376 98.
923 1308 1008 1361 Ne
1042 1306 1166 1360 vilis
1197 1303 1419 1378 quidem
1460 1302 1679 1357 avicula
1708 1321 1805 1369 pro
1828 1317 2001 1369 patre,
2030 1323 2131 1376 pro
2160 1323 2225 1358 eo
2250 1303 2341 1357 cui
2365 1302 2523 1358 liberi
2551 1315 2709 1370 sunt,

551 1395 726 1453 cadet,
753 1390 1099 1444 mactabitur.
1121 1400 1140 1426 ¹
1164 1417 1238 1430 -·
1257 1390 1498 1440 coturnix
1514 1397 1695 1438 autem
1727 1384 1785 1438 h.
1814 1385 1917 1440 loc.
1942 1405 2045 1459 pro
2071 1386 2329 1440 vilissima
2356 1406 2483 1440 ave:
2508 1386 2578 1441 de
2598 1407 2709 1460 quo

543 1472 658 1532 vid.
684 1474 935 1528 Bochart.
965 1473 1176 1526 Hieron.
1203 1483 1345 1542 part.
1373 1471 1432 1522 11
1449 1508 1464 1534 ,
1490 1468 1587 1520 lib.
1619 1468 1677 1533 1,
1702 1486 1819 1539 cap.
1846 1471 1907 1550 ¹5.
1924 1509 1939 1532 ,
1958 1482 2013 1522 et
2032 1471 2191 1523 Varr.
2218 1473 2282 1524 R.
2304 1473 2368 1524 R.
2392 1472 2508 1534 111,
2528 1471 2583 1538 5,
2612 1489 2711 1542 173

546 1559 688 1611 Plin.
719 1558 800 1622 X,
831 1558 928 1622 23,
965 1574 1058 1608 seu
1087 1554 1154 1608 33
1181 1572 1196 1606 :
1225 1552 1639 1607 :Cotus-uicibus
1658 1592 1675 1615 ,
1708 1551 1911 1624 inquit,
1938 1553 2130 1607 veneni
2164 1573 2342 1608 semen
2368 1555 2709 1625 gratissimus

545 1640 702 1694 cibus
726 1659 740 1692 ε
764 1657 929 1711 quam
961 1639 1032 1690 ob
1063 1655 1311 1691 caussam
1339 1655 1430 1690 eas
1468 1635 1794 1690 damnavere
1830 1653 2058 1701 mensam
2092 1637 2359 1709 simulque
2383 1637 2710 1692 comitialem

545 1734 772 1796 propter
797 1720 1051 1776 morbum
1082 1718 1273 1792 despui
1303 1732 1514 1772 suetum
1533 1759 1549 1786 ‚
1578 1736 1741 1790 quem
1776 1719 1903 1772 solae
1930 1719 2248 1773 animalium
2274 1721 2508 1774 sentiunt
2526 1760 2543 1786 ,
2574 1739 2711 1793 prae-

543 1819 628 1859 ter
649 1804 978 1859 hominem.·
1011 1802 1107 1872 (ad
1129 1821 1249 1875 quae
1277 1801 1442 1856 verba
1463 1801 1573 1856 vid.
1614 1800 1915 1871 Harduin.)
1944 1801 2099 1856 Idem
2130 1803 2341 1857 Plinius
2370 1805 2557 1876 paullo
2584 1817 2710 1858 ante

540 1887 776 1952 dixerat,
797 1885 1100 1942 coturnices
1124 1903 1263 1958 sepe
1286 1883 1527 1939 volando
1550 1883 1713 1936 fessas
1733 1896 1884 1937 tanta
1902 1884 1960 1936 in
1980 1903 2144 1938 naves
2162 1885 2399 1939 incidere
2423 1891 2579 1958 copia
2596 1926 2612 1952 ,
2638 1898 2702 1940 ut

546 1989 635 2024 eas
659 1968 902 2041 pondere
923 1986 1022 2020 suo
1045 1967 1377 2034 demergant.
1403 1966 1508 2019 Sed
1533 1967 1711 2020 vilitas
1730 1967 2071 2021 coturnicum
2099 1987 2207 2020 non
2230 1981 2341 2020 tam
2372 1970 2442 2022 ab
2472 1969 2673 2040 ingenti
2689 2009 2711 2037 ‚

483 2071 496 2083 ·
545 2071 666 2126 quae
687 2055 870 2107 Roma
899 2049 1094 2113 finer-it,
1126 2048 1324 2100 harum
1350 2049 1534 2102 avium
1563 2051 1909 2104 multitudine
1928 2089 1945 2116 ‚
1982 2070 2145 2124 quam
2170 2051 2239 2104 ab
2266 2052 2375 2104 illis
2414 2055 2645 2118 caussis,
2678 2070 2714 2106 a

544 2133 724 2188 Plinio
743 2130 1052 2185 memoratis
1071 2169 1086 2194 ,
1106 2126 1412 2212 repetenda.
1435 2159 1508 2172 ·——
1530 2136 1753 2185 Calorem
1770 2173 1786 2199 ,
1806 2147 1997 2187 astum
2014 2134 2181 2190 febris
2196 2173 2215 2202 ‚
2241 2148 2303 2189 ut
2323 2135 2474 2207 apud
2494 2136 2707 2190 Tihuu.

550 2219 656 2283 IV,
683 2236 768 2284 11,
793 2235 851 2282 2,
875 2214 972 2268 ubi
993 2212 1106 2269 vid.
1133 2213 1312 2282 Heyn.

619 2365 761 2413 Vsa.
800 2377 885 2425 99.
925 2357 1158 2418 Gallina,
1187 2373 1268 2422 ¹7·
1289 2354 1518 2419 Gallica,
1540 2357 1625 2418 46,
1642 2359 1728 2416 48,
1752 2358 2152 2422 49.—-Pactius,
2184 2363 2271 2424 25,
2289 2363 2374 2432 57,
2402 2365 2487 2428 58,
2510 2365 2594 2425 60,
2616 2367 2709 2422 64,

545 2447 736 2508 Parius,
757 2461 841 2494 21.
866 2443 1112 2504 Poeticus,
1136 2458 1226 2494 22.
1244 2439 1426 2488 Piceius
1453 2457 1531 2500 17.
1564 2467 1632 2477 -
1660 2441 1826 2487 Orbus
1852 2445 1930 2490 16.

617 2541 760 2593 Nor.
803 2555 1068 2607 99—120.
1108 2532 1165 2586 Si
1196 2535 1386 2584 Gallim
1419 2544 1472 2584 et
1499 2534 1736 2596 Paccius,
1764 2531 1872 2586 hoc
1898 2546 2007 2597 est,
2044 2533 2237 2589 divites
2272 2535 2545 2613 iidemque
2571 2545 2706 2609 ονόἰ,

546 2625 635 2680 vel
659 2622 764 2676 levi
792 2631 1071 2674 tentantur
1105 2618 1334 2682 morbo;
1372 2627 1677 2686 captatores
1704 2617 2056 2669 reverentiam
2092 2618 2156 2670 iis
2190 2637 2531 2695 amoremque
2566 2626 2708 2678 votis

545 2726 648 2780 pro
680 2705 852 2758 salute
871 2721 1061 2756 eorum
1097 2699 1356 2772 susceptis
1387 2699 1622 2772 probare
1657 2709 1899 2764 certant,
1924 2710 1984 2751 ut
2022 2701 2091 2752 ab
2122 2701 2259 2768 illis,
2292 2705 2489 2761 talibus
2512 2707 2707 2762 officiis

548 2789 830 2850 delenitis,
867 2788 912 2842 si
937 2806 1002 2840 ex
1026 2785 1220 2837 morbo
1251 2784 1663 2848 convalescant,
1700 2779 1927 2836 heredes
1954 2782 2281 2838 scribantur.
2312 2791 2549 2856 Paccius,
2586 2788 2703 2845 vid.

547 2892 712 2948 supra
735 2871 809 2926 ad
829 2872 940 2923 vn
957 2911 973 2938 ‚
1003 2887 1024 2922 1
1039 2889 1065 2921 s
1081 2908 1098 2935 ,
1124 2868 1182 2920 iu
1210 2868 1343 2919 Var.
1370 2868 1516 2919 lect.

623 3033 760 3080 Vsa.
806 3043 921 3077 100.
957 3025 1168 3086 Eratis,
1201 3041 1282 3074 υ.
1311 3051 1383 3062 -—-
1414 3021 1635 3083 Libellis,
1664 3037 1721 3080 2,
1753 3022 1874 3080 3,4,
1910 3041 1961 3086 7,
1997 3037 2085 3084 10,
2118 3039 2199 3086 11,
2240 3028 2323 3089 15,
2360 3041 2440 3090 17,
2474 3046 2701 3095 ¹9—22,

553 3131 640 3178 29,
669 3115 753 3174 45,
787 3124 1062 3173 omnesque
1087 3107 1251 3157 Codd.
1283 3106 1433 3154 Paris.
1461 3104 1602 3168 quud
1628 3105 1785 3169 magis
1817 3106 2065 3154 satiricum
2096 3108 2357 3158 videbatur
2382 3111 2621 3163 Schursfl.
2648 3125 2705 3185 '³3

547 3211 694 3266 pocta
715 3196 869 3253 dicat,
901 3208 1006 3241 nou
1037 3190 1244 3239 tabellas
1267 3191 1507 3253 amplius,
1545 3189 1635 3238 sed
1672 3199 1803 3236 totos
1826 3189 1984 3238 libnos
2016 3191 2071 3240 iu
2105 3192 2379 3256 porticibus
2410 3199 2706 3261 templorum

547 3283 680 3332 fixos
715 3279 1017 3340 delubraque
1043 3275 1183 3338 quasi
1207 3273 1270 3320 iis
1299 3274 1470 3320 vestita
1496 3290 1618 3321 csse.
1657 3273 1788 3320 Hinc
1823 3286 1873 3322 et
1900 3286 1997 3325 vet.
2032 3275 2197 3326 Schol.
2224 3280 2279 3326 in
2306 3279 2429 3328 Cod.
2464 3281 2704 3330 Schurzfl.

552 3365 726 3413 Itonia
749 3379 767 3408 :
788 3361 964 3408 tabulis
999 3357 1174 3420 longis.
1213 3355 1446 3402 Earudem
1475 3355 1739 3403 lectionem
1770 3359 2015 3404 revocavit
2043 3359 2171 3406 Ach.
2196 3360 2386 3422 adjecta
2422 3361 2515 3409 hac
2548 3375 2702 3412 uota:

555 3447 728 3498 libellis
752 3445 854 3493 scil.
875 3439 1208 3506 supplicibus,
1225 3453 1396 3502 picces
1415 3449 1464 3486 ct
1485 3449 1597 3486 vota
1618 3438 1991 3490 continentibus
2004 3478 2019 3503 ,
2046 3443 2339 3508 templorum
2360 3447 2629 3511 parictibus
2655 3457 2706 3496 et

555 3533 730 3580 statuis
753 3529 960 3577 deorum
987 3521 1174 3581 affixis,
1198 3523 1443 3586 appensis.

628 3624 769 3674 Nor.
816 3638 931 3672 100.
973 3618 1205 3684 ᾱςᾱῂηο
1220 3655 1235 3679 ,
1260 3613 1361 3665 rite
1385 3626 1438 3665 et
1461 3612 1667 3669 ordine.
1688 3647 1757 3658 --
1783 3619 1949 3680 fatris,
1983 3622 2275 3693 suspensis,
2304 3623 2359 3680 in
2384 3625 2699 3696 parietibus.

557 3733 628 3745 -—
648 3704 876 3766 Vescitur,
891 3701 1026 3752 bene
1044 3697 1114 3751 de
1135 3698 1294 3768 copia
1309 3708 1363 3748 et
1377 3708 1590 3749 ornatu.
1606 3727 1673 3738 ——
1696 3703 1907 3752 Tabellis
1933 3705 2147 3765 votivis,
2175 3723 2293 3776 qua
2312 3717 2439 3760 vota
2459 3711 2701 3764 contine-

438 3784 448 3798 '
557 3786 692 3839 bant
708 3780 1072 3854 suscipienda,
1091 3793 1144 3833 et
1166 3781 1223 3832 in
1235 3780 1505 3847 porticibus
1526 3779 1785 3852 atriisque
1804 3782 1999 3838 sudium
2022 3804 2085 3840 ac
2106 3787 2429 3859 templorum
2443 3830 2458 3855 ,
2478 3793 2564 3848 vel
2582 3794 2705 3848 aliis

1403 3958 1867 3986 mmmm

636 4107 654 4134 τ
694 4097 764 4146 Ut
791 4093 926 4160 apud
949 4092 1130 4144 Tibull.
1153 4095 1205 4153 1,
1237 4107 1282 4153 1,
1311 4093 1517 4156 2331v‚
1544 4108 1589 4154 1,
1613 4094 1709 4154 153
1737 4096 1908 4144 How.
1929 4095 2029 4148 Od.
2050 4097 2157 4162 111,
2186 4098 2335 4160 18,5.
