3050 4884
517 335 646 422 374
924 291 930 298 ’
1002 389 1011 405 ,
1123 333 1206 396 n.
1252 331 1512 398 JUN11
1558 329 2085 399 JUVENALIS

515 449 811 518 Donavit
845 447 1044 517 terris
1076 472 1092 514 ε
1133 445 1463 520 elemento
1487 445 1815 542 gratulor,
1842 461 1913 516 et
1940 463 2011 518 te

519 559 869 631 Exsultare
894 585 1069 630 reor.
1102 559 1234 629 Sed
1261 561 1382 653 qui
1410 559 1722 630 mordere
1750 560 2035 630 cadaver

515 672 887 758 Sustinuit,
917 668 1014 738 nil
1047 694 1368 764 umquam
1395 671 1524 742 hac
1552 695 1755 741 carne
1778 668 2093 740 libentius
2119 669 2279 739 edit.

517 783 696 852 Nam
726 780 974 852 scelere
1001 781 1074 848 in
1104 795 1296 850 tanto
1324 806 1412 850 ne
1441 805 1699 876 quaeras
1726 796 1795 850 et
1820 780 2118 868 dubites,
2146 805 2236 852 an

521 893 746 962 Prima
772 891 1192 986 voluptatem
1219 890 1378 988 g'ula
1409 893 1692 962 senserit
1722 918 1739 961 :
1778 889 2057 965 ultimus
2082 907 2305 964 autem
2321 945 2341 978 ‚
2606 925 2673 974 90

515 1002 656 1091 Qui
694 1002 878 1070 stetit
910 1001 1219 1070 absumto
1250 1000 1390 1094 jam
1423 1015 1569 1072 toto
1603 1027 1925 1096 corpore,
1967 1002 2185 1073 ductis

519 1117 646 1182 Per
671 1126 918 1180 terram
953 1111 1217 1207 digitis,
1259 1110 1514 1208 aliquid
1544 1113 1630 1183 de
1660 1115 1983 1210 sanguiue
2010 1128 2253 1210 gustat.

618 1225 996 1308 VasconeS,
1027 1222 1172 1292 haec
1199 1220 1380 1292 fama
1407 1237 1537 1312 est,
1578 1223 1915 1294 alimentis
1940 1221 2187 1294 talibus
2213 1220 2379 1293 olim

521 1332 906 1405 Produxere
933 1331 1187 1402 animas
1221 1357 1236 1400 ε
1279 1331 1395 1413 sed
1435 1359 1538 1404 res
1570 1334 1868 1419 diversa,
1906 1333 2020 1404 sed
2050 1331 2189 1403 illic

522 1447 575 1513 F
577 1459 840 1512 ortunae
873 1443 1127 1514 invidia
1161 1455 1262 1512 est
1295 1441 1765 1538 bellorumque
1799 1443 2073 1532 ultima,
2111 1467 2301 1514 casus
2604 1457 2671 1528 95

519 1553 857 1640 Extremi,
888 1550 1104 1647 longae
1135 1553 1284 1622 dira
1313 1553 1685 1626 obsidionis
1715 1569 1993 1648 egestas.

521 1663 745 1757 Hujus
773 1662 988 1747 enim,
1016 1662 1200 1756 quod
1231 1688 1418 1733 nuuc
1443 1666 1689 1759 agitur,
1724 1661 2104 1735 miserabile
2130 1663 2332 1733 debet

528 1769 928 1864 Exemplum
959 1795 1099 1840 esse
1127 1771 1260 1840 cibi
1289 1796 1308 1841 ε
1347 1771 1524 1844 sicut
1548 1774 1754 1844 modo
1784 1774 1967 1844 dicta
1988 1772 2161 1846 mihi
2192 1795 2357 1865 gens

525 1883 684 1950 Post
709 1903 944 1949 omnes
974 1882 1216 1951 herbas
1233 1933 1254 1968 ‚
1281 1898 1436 1976 post
1459 1898 1705 1954 cuncta
1728 1880 2071 1970 animalia,
2102 1879 2431 1977 quidquid

527 1990 831 2084 Cogebat
854 1991 1051 2060 vacui
1077 1992 1334 2062 ventris
1361 1991 1578 2078 furor,
1608 1993 1915 2062 hostibus
1945 1991 2107 2085 ipsis
2576 2023 2673 2056 100

526 2098 858 2191 Pallorem
885 2123 966 2170 ac
991 2101 1308 2188 maciem,
1341 2114 1408 2170 et
1439 2116 1673 2170 tenues
1700 2099 2171 2170 miserantibus
2198 2113 2419 2185 ἰιι-ωε,

525 2209 833 2280 Membra
866 2207 1083 2290 aliena
1111 2207 1289 2280 fame
1317 2207 1731 2296 lacerabant,
1770 2233 1907 2278 esse
1933 2210 2151 2304 parati

525 2445 752 2506 crudeli
785 2443 1007 2524 flagitio
1045 2465 1170 2504 nou
1205 2447 1758 2507 contaminaverint:
1778 2447 2005 2524 gaudeo
2044 2457 2162 2504 tam
2194 2445 2395 2504 nobile
2429 2448 2679 2504 elemen-

524 2550 652 2596 tum
691 2538 797 2596 ista
831 2537 1188 2596 immanitate
1224 2539 1506 2596 violatum
1542 2558 1663 2596 non
1703 2539 1877 2598 fixisse
1888 2581 1907 2611 ,
1943 2558 2009 2596 ac
2049 2549 2108 2596 te
2150 2538 2217 2596 id
2256 2556 2496 2614 quoque
2530 2556 2674 2612 gau-

525 2614 666 2689 dere
695 2631 971 2690 arbitror.
1002 2633 1278 2690 Ceterum
1305 2632 1659 2708 quicumque
1677 2631 1881 2690 avidos
1912 2632 2115 2690 dentes
2144 2629 2410 2689 cadaveri
2437 2627 2677 2705 infigere

522 2735 716 2800 potest
734 2765 753 2795 ,
800 2723 856 2781 ei
897 2725 1124 2782 nullum
1163 2743 1424 2800 unquam
1459 2724 1749 2783 ferculum
1790 2724 1903 2782 isto
1940 2722 2257 2800 jucundius
2297 2721 2507 2798 attigit.
2538 2721 2673 2778 Noli

521 2820 719 2894 itaque
757 2817 1064 2888 sciscitari,
1109 2828 1209 2875 sut
1253 2819 1578 2897 ambigere,
1604 2837 1682 2876 an
1705 2817 1931 2894 primus
1967 2817 2071 2894 qui
2103 2817 2277 2874 talem
2307 2813 2504 2872 cibum
2538 2832 2677 2890 gus-

523 2909 668 2966 tavit
691 2910 1050 2984 voluptatem
1085 2910 1355 2983 senserit,
1395 2931 1577 2988 quum
1604 2912 1886 2988 postremi
1922 2911 2188 2969 omnium
2224 2907 2329 2984 qui
2358 2926 2645 2966 accessere
2660 2947 2678 2978 ‚

523 3012 832 3077 postquam
866 3011 1059 3058 totum
1083 3001 1331 3082 cadaver
1363 3003 1739 3079 absumptum
1757 3022 1792 3060 a
1810 3004 2109 3078 prioribus
2132 3013 2192 3060 et
2208 3019 2515 3060 corrosum
2534 2999 2675 3070 fuit,

523 3103 858 3168 premerent
895 3103 1113 3150 terram
1143 3093 1340 3170 digitis
1360 3135 1379 3166 ‚
1425 3104 1492 3152 ut
1530 3114 1605 3153 ex
1644 3115 1711 3152 ea
1748 3095 2041 3174 sauguinis
2070 3105 2265 3172 guttas
2304 3095 2582 3152 elicerent
2612 3112 2681 3150 ac

526 3185 835 3264 lingerent.

602 3279 698 3356 93·
741 3281 1059 3349 Vascones,
1075 3285 1143 3332 ut
1159 3276 1387 3349 ferunt,
1410 3277 1567 3336 hunc
1588 3278 1653 3336 in
1666 3298 1893 3336 morem
1914 3263 2189 3338 carnibus
2208 3277 2479 3336 humanis
2495 3277 2679 3336 vitam

521 3369 880 3446 aliquamdiu
905 3380 1364 3426 conservarunt:
1392 3370 1496 3428 sed
1527 3381 1747 3446 quanta
1774 3371 1931 3430 inter
1955 3372 2064 3430 hos
2094 3383 2155 3430 et
2182 3373 2465 3449 ,Egyptos
2494 3381 2677 3431 status

527 3461 938 3522 dissimilitudo
965 3457 980 3516 l
1021 3461 1108 3518 Eo
1147 3459 1364 3536 quippe
1400 3461 1589 3520 adacti
1630 3462 1793 3521 fixere
1833 3465 2121 3521 Vascones
2159 3481 2265 3538 per
2302 3462 2677 3521 acerbitatem

521 3555 833 3632 quamdam
855 3565 915 3612 et
935 3553 1365 3612 inclementiam
1385 3555 1687 3627 Fortunae,
1713 3574 1821 3630 per
1840 3555 2059 3612 militiae
2084 3573 2307 3614 summa
2322 3554 2676 3625 infortunia,

523 3665 631 3724 per
647 3664 928 3704 aerumnas
945 3643 1174 3702 ultimas
1192 3686 1208 3714 ‚
1238 3655 1298 3702 et
1319 3643 1610 3704 diuturnae
1641 3643 1963 3703 obsidionis
1982 3665 2191 3706 saevam
2212 3645 2493 3722 inopiam.
2516 3645 2675 3704 Illud

522 3737 640 3794 cibi
669 3757 736 3794 ac
767 3737 956 3794 victus
983 3737 1314 3811 exemplum
1346 3734 1420 3792 de
1454 3753 1575 3810 quo
1610 3735 1828 3810 loquor
1865 3735 2325 3795 misericordiam
2352 3748 2413 3794 et
2450 3737 2674 3794 veniam

524 3827 789 3886 invenire
841 3827 1018 3885 debet
1035 3868 1057 3896 ‚
1108 3824 1599 3904 quemadmodum
1646 3825 1867 3884 scilicet
1924 3840 2059 3904 post
2098 3829 2429 3904 absumptas
2476 3845 2678 3885 omnes

523 3921 732 3978 herbas
751 3930 814 3976 et
835 3918 1102 3976 animalia
1125 3959 1142 3984 ,
1173 3927 1232 3976 et
1263 3917 1553 3994 quidquid
1575 3917 1865 3976 edendum
1885 3919 2198 3994 objiciebat
2224 3919 2390 3978 famis
2414 3918 2678 3994 quaedam

528 4012 744 4082 rabies,
781 4010 894 4087 ipsi
933 4010 1156 4084 pallore
1174 4053 1191 4082 ,
1231 4010 1439 4082 macie,
1479 4009 1756 4066 membris
1800 4009 1991 4068 inedia
2032 4012 2340 4078 attenuatis
2358 4053 2377 4083 ,
2418 4009 2675 4067 hostium

529 4103 789 4180 ipsorum
824 4099 1250 4162 miserationem
1285 4113 1586 4160 moventes
1603 4144 1622 4175 ,
1658 4102 1857 4162 alienis
1888 4103 2128 4164 artubus
2162 4103 2573 4174 vescebantur,
2618 4110 2677 4157 et
