3050 4884
477 338 599 403 {2⁰
793 319 1141 386 VARIAE
1184 318 1774 385 LECTIONES
1819 319 1944 382 ET
1991 318 2295 383 NOTAE

466 438 681 502 temque
704 450 925 485 suorum
950 432 1223 487 fortunam
1246 444 1490 485 mortuus
1518 443 1674 484 esset.
1697 430 1855 485 Cous.
1883 430 1999 483 Cic.
2031 431 2196 485 Tune.
2221 432 2425 495 Quaest.
2445 428 2499 494 Ι,
2519 428 2584 483 35
2600 478 2617 501 ,

469 531 631 583 quem
652 516 829 568 locum
866 530 1025 589 poeta
1048 516 1349 571 imitatione
1379 514 1656 587 expressit.
1685 514 1939 567 Tiberius
1960 526 2152 567 contra
2173 511 2470 565 identidem
2499 511 2620 565 feli-

469 614 585 649 cem
614 598 883 653 Priamum
909 602 1167 664 vocabat,
1194 598 1341 670 quod
1364 611 1636 670 superstes
1657 598 1899 653 omnium
1917 616 2136 651 suorum
2153 596 2452 651 exstitisset.
2472 592 2618 648 Vide

472 678 619 733 Suet.
642 681 765 735 Tib.
792 688 879 736 62.
902 714 970 725 -—
993 688 1219 736 Venisset
1236 688 1312 736 ad
1332 688 1525 735 umbms
1547 687 1809 748 Assamm',
1827 684 1935 738 hoe
1959 696 2067 747 est,
2087 684 2348 756 majorum
2365 698 2588 734 suorum
2603 720 2621 748 ,

470 760 675 819 honum
702 784 766 818 ac
799 765 1013 821 facilem
1044 770 1261 821 sortitus
1282 768 1501 822 exitum.
1526 774 1804 819 Assaracus
1824 768 1984 821 Trois
2008 766 2152 819 filius
2169 778 2226 819 et
2253 766 2414 817 frater
2435 764 2618 837 Gany-

472 844 645 901 medis
676 861 835 920 atque
873 851 968 915 lli,
997 851 1092 923 ‘lui
1132 851 1243 903 Ilus
1283 849 1707 904 Laomedontem
1737 850 1921 921 genuit
1935 890 1952 915 ,
1991 862 2200 922 patrem
2239 848 2464 912 Priami;
2505 844 2635 912 vid.-

474 929 665 1003 Heyne
694 932 765 987 ad
788 934 939 1006 Virg.
962 934 1160 1005 Georg.
1184 935 1294 1000 ΙΙΙ,
1322 932 1409 988 35.
1427 966 1494 975 -
1510 937 1714 1003 Magnis
1737 937 2020 987 solennibus
2034 972 2051 995 ,
2087 930 2374 1005 splendida
2391 948 2620 1004 pompa,

474 1015 763 1083 magnifico
786 1030 1049 1089 apparatu
1072 1016 1305 1070 funebri.
1326 1049 1391 1059 —
1418 1022 1580 1069 Funus
1593 1057 1608 1081 ,
1631 1036 1827 1091 eorpus
1849 1018 2048 1071 mortui
2070 1019 2269 1089 patris3
2297 1013 2420 1069 vide
2443 1012 2624 1067 Burin.

468 1094 552 1147 *nd
573 1098 757 1153 Valer.
788 1100 867 1153 Fl.
901 1102 1042 1165 vll,
1073 1102 1195 1165 643,
1221 1114 1275 1155 et
1300 1098 1371 1155 ad
1394 1102 1627 1167 Quintil.
1652 1101 1888 1153 Declam.
1919 1119 2030 1162 ιιι,
2059 1104 2140 1153 26.
2161 1131 2232 1142 -
2251 1105 2487 1151 Por-tante
2503 1100 2626 1148 Hee-

478 1192 605 1244 tore,
632 1183 751 1237 filio
790 1187 1025 1239 maximo
1066 1200 1229 1251 natu,
1255 1198 1311 1240 et
1334 1188 1592 1255 fiaes-ibus
1627 1188 1758 1259 ejus.
1789 1186 1999 1240 Funera
2027 1185 2302 1251 humeris,
2324 1196 2377 1236 et
2411 1195 2626 1253 patrum

480 1284 710 1339 corpora
738 1287 769 1321 a
790 1268 917 1322 filiis
940 1270 1145 1341 portari
1168 1270 1443 1329 solebant;
1472 1270 1676 1341 Grang.
1697 1270 1836 1322 Coll.
1861 1270 2002 1322 Plin.
2024 1268 2162 1332 vn,
2187 1274 2286 1330 443
2313 1266 2508 1318 XVIII
2524 1306 2541 1331 ,
2559 1264 2627 1330 33

483 1348 627 1403 Suet.
658 1353 795 1423 Aug.
828 1371 957 1417 xoo;
984 1354 1168 1405 Valer.
1197 1353 1345 1406 Max.
1374 1353 1521 1415 VII,
1559 1372 1579 1402 1
1613 1353 1684 1405 al.
1714 1354 1796 1405 De
1817 1351 2020 1405 Priami
2045 1350 2175 1403 filiis
2198 1362 2252 1403 et
2273 1348 2492 1401 filiabus
2515 1346 2627 1401 vid.

485 1432 741 1505 Apollod.
774 1436 885 1496 111,
914 1454 976 1487 n
993 1474 1009 1500 ,
1033 1435 1065 1489 5
1082 1474 1097 1497 ,
1122 1435 1305 1506 ibique
1326 1436 1536 1505 Heyne.

556 1530 693 1581 Nor.
734 1532 854 1581 261.
894 1535 1030 1579 Incer-
1068 1530 1315 1593 lacrymas
1349 1530 1600 1589 Iliadum,
1639 1540 2010 1582 matronarum
2035 1529 2424 1600 Trojanarnm,
2467 1526 2630 1579 funus

482 1614 925 1684 prosequentium
945 1612 1191 1665 lamentis
1206 1652 1221 1676 ,
1244 1612 1458 1665 ululatu
1473 1650 1489 1675 ‚
1506 1613 1812 1684 ploratibus
1826 1650 1842 1677 ,
1869 1612 2054 1665 narniis
2071 1624 2124 1664 et
2141 1616 2347 1679 planem
2368 1652 2383 1676 ‚
2404 1610 2499 1684 qui
2517 1628 2632 1681 per-

484 1708 678 1767 petuus
704 1709 784 1749 est
814 1714 930 1748 mos
958 1708 1011 1748 et
1035 1707 1275 1749 veterum
1296 1707 1350 1747 et
1375 1695 1734 1748 barbarorum
1763 1696 2111 1766 populorum.
2135 1694 2294 1747 Conf.
2318 1696 2474 1765 Virg.
2501 1698 2626 1747 AEu.

488 1778 572 1831 XI
588 1817 604 1844 ,
626 1778 871 1841 35.--m‚
894 1778 967 1831 ita
992 1792 1078 1841 ut;
1096 1782 1285 1845 pn'mos
1303 1782 1449 1830 edere
1463 1782 1711 1846 planctus,
1733 1796 1883 1831 more
1902 1778 2238 1849 proefiearum
2253 1818 2270 1844 ,
2289 1778 2408 1850 q'uoe
2427 1779 2630 1831 luctum

488 1859 817 1932 modumque
838 1862 1130 1933 plangendi
1154 1881 1217 1917 ae
1240 1862 1574 1917 lamentandi
1601 1864 1790 1917 ceteris
1811 1863 2020 1916 feminis
2044 1862 2324 1935 praeibant.

562 1956 697 2009 Νοτ.
739 1959 858 2009 262.
901 1961 1183 2009 Cassandra
1212 1971 1265 2011 et
1292 1962 1581 2023 Polyxena,
1613 1958 1738 2011 filias
1761 1958 1984 2012 Priami.
2000 1989 2071 2000 —
2086 1962 2266 2023 Pana,
2299 1958 2397 2012 Gr.
2424 1960 2636 2022 πέπλος,

490 2041 728 2103 Marmei,
757 2060 939 2113 propr.
961 2042 1113 2112 Angl.
1138 2044 1331 2104 Skawl,
1362 2055 1416 2095 et
1438 2040 1661 2112 quidem
1685 2042 2014 2112 geminatum
2036 2042 2123 2093 vel
2141 2040 2510 2112 triplicatum(
2520 2041 2634 2095 vid

492 2124 699 2177 Ferrar.
728 2123 797 2176 de
824 2126 902 2177 Re
924 2126 1075 2177 Vest.
1100 2125 1158 2186 1,
1183 2126 1246 2190 3,
1282 2126 1375 2191 18,
1394 2125 1523 2177 etin
1549 2124 1702 2176 Anal.
1728 2143 1786 2195 p.
1816 2124 1919 2175 8¹·
1905 2123 2168 2194 ‚Boettig.
2193 2123 2422 2187 Sabina,
2440 2142 2496 2193 p.
2516 2122 2637 2193 397,

496 2210 601 2269 416
624 2224 731 2278 seq.
756 2220 809 2260 et
827 2207 933 2259 XX
952 2207 1081 2261 edit.
1103 2227 1186 2279 pr.
1206 2210 1248 2277 ).
1264 2238 1335 2249 -
1352 2210 1513 2259 Scissa
1525 2210 1705 2272 palla.-
1722 2224 1848 2259 nam
1869 2206 1928 2258 in
1951 2208 2101 2259 luctu
2123 2220 2178 2259 et
2203 2225 2403 2279 pompa
2425 2207 2638 2261 funebri

495 2301 670 2343 vestes
698 2287 872 2343 scindi
890 2291 1170 2355 solebant;
1198 2289 1310 2345 vid.
1340 2290 1549 2344 Ferrar.
1574 2291 1679 2344 loe.
1701 2288 1847 2343 laud.

563 2464 695 2511 Van.
734 2464 852 2511 263.
892 2466 998 2528 Quo
1013 2464 1159 2529 jam,
1195 2481 1241 2526 7,
1279 2479 1366 2520 ro,
1401 2473 1621 2526 14-27,
1659 2479 1747 2526 29,
1777 2458 2008 2523 45-50,
2047 2463 2285 2527 54—69,
2311 2470 2553 2523 71—74,
2587 2472 2636 2509 et

497 2546 719 2613 plerique
742 2548 903 2597 codd.
938 2546 1096 2597 Paris.
1126 2564 1251 2611 quos
1278 2558 1472 2603 secutus
1498 2558 1574 2597 est
1598 2545 1722 2596 Aah.

567 2651 620 2705 N
622 2668 704 2703 οτι·
747 2652 865 2704 263.
908 2657 1140 2719 Tempore
1158 2655 1238 2702 div
1212 2670 1381 2713 v,erso
1407 2651 1546 2715 alio,
1569 2663 1626 2705 et
1649 2649 1869 2724 quidem
1893 2648 2095 2731 priori,
2115 2669 2208 2718 quo
2228 2668 2345 2709 non,
2367 2646 2639 2714 nondum,

501 2736 645 2785 Paris
663 2738 860 2789 cannas
884 2754 1039 2803 eoeper
1016 2748 1091 2785 rat
1114 2736 1309 2806 aedifica
1312 2754 1367 2787 re
1390 2738 1628 2800 audaces,
1649 2734 1756 2789 hoc
1783 2746 1892 2797 est,
1917 2725 2122 2796 audax,
2160 2732 2511 2802 navigaturus
2527 2729 2640 2783 scil.

497 2828 550 2869 et
576 2830 827 2889 rapturus
855 2818 1143 2884 Helenam3
1169 2832 1456 2890 antequam
1486 2816 1722 2889 patriam
1751 2815 1972 2869 vidisset
1995 2832 2254 2869 eversam.

566 2926 703 2978 Nom.
747 2925 864 2979 265.
902 2930 1071 2995 Longa
1105 2929 1239 2994 dies,
1267 2928 1408 2992 vita,
1436 2929 1563 2995 quid
1578 2924 1850 2979 commodi
1871 2926 2085 2988 contidit,
2107 2923 2356 2995 praestitit
2385 2924 2632 2988 Priamo,

500 3006 635 3079 quid
652 3008 861 3078 profuit
880 3008 967 3059 ei?

569 3102 703 3154 Nor.
746 3104 844 3155 265
871 3121 981 3173 seq.
1020 3104 1173 3157 Conf.
1203 3123 1385 3157 versus
1412 3106 1578 3158 Ennii
1607 3103 1752 3177 apud
1789 3103 1899 3156 Cic.
1929 3104 2091 3155 Tuae.
2121 3104 2328 3167 Quaest.
2355 3103 2412 3164 I,
2449 3100 2515 3155 35
2536 3139 2552 3164 ,
2586 3114 2640 3154 et

498 3186 650 3256 Virg.
684 3190 806 3238 AEn.
828 3186 916 3250 11,
942 3187 1041 3248 554
1070 3205 1179 3257 seq.
1207 3218 1278 3227 —
1299 3191 1469 3239 Asiam
1492 3191 1771 3261 propriam
1798 3206 1889 3241 seu
1911 3186 2201 3250 minorem,
2225 3200 2277 3238 et
2295 3184 2514 3258 quidem
2533 3186 2640 3238 hoe

496 3269 619 3322 loco
638 3272 753 3339 ejus
771 3283 978 3340 partem
998 3270 1451 3334 florentissimam,
1470 3276 1744 3327 Troadem
1760 3312 1775 3337 ,
1795 3291 1914 3344 quae
1933 3272 2135 3325 Priami
2153 3272 2380 3343 imperio
2397 3272 2641 3343 subjecta

497 3364 631 3406 erat.
665 3354 821 3406 Conf.
845 3356 995 3425 Virg.
1023 3358 1144 3409 AEn.
1170 3357 1260 3418 11,
1290 3357 1393 3426 5⁵7
1414 3356 1597 3427 ibique
1624 3358 1830 3429 Heyne.
1864 3356 1995 3408 Haee
2017 3355 2256 3427 pristine
2287 3366 2342 3407 et
2369 3356 2641 3425 protentis

496 3435 726 3489 fortunas
757 3438 1091 3510 comparatio
1126 3439 1360 3493 multum
1383 3439 1525 3492 valet
1547 3438 1616 3491 ad
1642 3438 2158 3493 commiserationem
2189 3436 2508 3491 faciendam.

569 3548 620 3599 N
624 3566 706 3603 01·-
752 3553 1045 3618 ²⁶7-*70-
1084 3549 1241 3601 Conf.
1262 3548 1484 3601 omnino
1502 3548 1661 3619 Vir-g.
1685 3550 1807 3600 AEn.
1823 3548 1882 3599 ΙΙ
1896 3586 1908 3608 ,
1939 3545 2237 3610 506-558,
2255 3545 2440 3616 ibique
2460 3544 2651 3617 Heyne

494 3628 555 3680 in
574 3628 705 3680 Exc.
739 3628 821 3679 XI
846 3628 914 3681 de
935 3630 1133 3683 Priami
1164 3650 1309 3685 nece.
1330 3662 1397 3671 -
1420 3638 1554 3682 Teme
1577 3635 1718 3683 miles
1742 3634 1970 3681 tremulus
1999 3630 2146 3681 senio
2164 3669 2179 3693 ,
2205 3630 2446 3683 Priamus
2462 3668 2476 3692 ,
2499 3648 2643 3679 arma

478 3712 633 3771 sulit,
666 3709 805 3781 oepit
842 3723 893 3762 et
917 3711 1118 3775 induit,
1144 3726 1207 3765 ut
1230 3714 1489 3785 impetum
1522 3714 1837 3766 Groeeorum
1873 3712 2243 3783 propulsaret,
2281 3715 2445 3777 posim
2471 3714 2637 3770 εἱανα,

499 3790 695 3856 fascia,
719 3789 1048 3858 diademate,
1068 3796 1220 3866 regio
1250 3796 1441 3869 insigni
1468 3798 1488 3864 (
1512 3796 1633 3850 vide
1657 3814 1816 3867 supra
1841 3794 1910 3848 ad
1940 3796 2022 3847 VI
2041 3835 2056 3859 ,
2081 3794 2110 3847 5
2125 3798 2183 3845 16
2201 3797 2241 3862 ),
2265 3808 2314 3843 ee
2336 3796 2455 3856 ruit,
2483 3794 2642 3864 jugu-

496 3874 641 3927 latus
667 3893 698 3926 a
736 3875 1115 3945 Neoptolemo,
1144 3894 1260 3930 ante
1286 3900 1425 3931 amm
1458 3884 1590 3932 Iovis
1623 3879 1850 3945 Hercei,
1885 3872 2098 3949 ἑρκείου.
2136 3876 2291 3930 Conf.
2333 3876 2486 3946 Virg.
2529 3875 2636 3927 loc.

498 3956 648 4017 laud.
676 3976 753 4011 vs.
784 3956 885 4025 509
908 3977 1023 4030 sqq.
1061 3973 1113 4011 et
1134 3962 1319 4034 Heyne
1350 3963 1453 4015 loc.
1482 3962 1575 4015 cit.

565 4056 739 4111 Anu..
760 4055 1055 4135 268-270.
1071 4057 1411 4128 Comparatio
1426 4057 1703 4131 aptissima
1715 4069 1769 4111 et
1784 4056 1854 4109 ad
1865 4054 2257 4109 miserationem
2271 4052 2484 4124 egregie
2501 4070 2644 4105 com-
