3050 4884
553 584 1148 714 VARIAE
1241 588 2279 715 LECTIONES

1113 858 1272 943 ET
1351 857 1721 946 NOTAE

682 1080 801 1157 IN
867 1078 1375 1158 SATIRAM
1435 1082 2162 1161 UNDECIMAM.

1308 1294 1523 1313 ψ

413 1488 598 1541 Nom.
643 1506 666 1541 1
685 1528 700 1553 ,
722 1506 772 1542 2.
811 1488 970 1543 Conf.
997 1490 1078 1541 IV
1094 1529 1109 1554 ,
1143 1491 1237 1555 13,
1265 1496 1356 1554 14,
1379 1492 1632 1557 etym,
1658 1493 1774 1545 ¹82.
1797 1522 1868 1533 —-
1884 1495 2076 1544 Atticus
2095 1494 2203 1547 hoc
2228 1494 2379 1560 loco,
2398 1514 2500 1567 pro

343 1571 534 1643 quovis
561 1570 736 1624 nobili
764 1591 828 1625 ac
855 1572 1054 1636 divite3
1083 1573 1262 1645 qualis
1303 1574 1406 1627 fuit
1437 1573 1533 1627 ille
1560 1576 1627 1627 T.
1666 1573 2001 1647 Pomponius
2020 1612 2034 1637 ,
2071 1576 2166 1647 qui
2198 1577 2286 1631 vel
2313 1577 2502 1632 tironi·

342 1656 447 1707 hus
465 1675 530 1708 ex
557 1658 769 1728 Nepote
793 1669 847 1711 et
876 1658 1136 1711 Cicerone
1157 1658 1471 1713 notissimus
1495 1672 1594 1715 est.
1620 1690 1693 1700 —-
1718 1666 1900 1711 Lautus
1915 1698 1932 1725 ,
1962 1660 2283 1731 splendidus
2304 1677 2357 1717 et
2386 1682 2503 1717 mn-

345 1739 576 1810 gnificus
591 1779 607 1806 ,
631 1740 724 1813 qui
746 1742 822 1795 ita
842 1742 1000 1806 vivit,
1031 1756 1090 1795 ut
1112 1744 1286 1798 solent
1302 1745 1516 1799 nobiles
1544 1765 1609 1800 ac
1634 1744 1831 1799 divites
1847 1784 1863 1811 ,
1890 1758 2059 1818 utque
2080 1766 2172 1801 eos
2188 1747 2360 1803 decet.

414 1888 600 1935 Vsus
627 1902 915 1937 nennius.
952 1906 1002 1937 2.
1039 1890 1245 1938 Rutulus
1262 1926 1278 1953 ,
1318 1906 1398 1953 11,
1430 1891 1525 1953 23,
1548 1907 1634 1954 27,
1657 1892 1751 1953 58,
1781 1893 1882 1953 64,
1908 1892 2003 1956 66,
2029 1896 2093 1957 67
2112 1928 2129 1955 ‚
2155 1910 2262 1945 non
2282 1896 2501 1962 improb·

342 1969 712 2021 Schurzfleisch.

416 2065 556 2117 Nor.
597 2082 647 2119 2.
683 2068 870 2117 Rutilus
888 2084 993 2139 pro
1018 2067 1212 2138 quovis
1230 2084 1470 2139 paupere
1489 2066 1685 2124 divites
1704 2069 2006 2123 simulante.
2030 2080 2051 2106 ¹

414 2209 554 2257 Vsu.
593 2209 640 2259 3.
676 2210 944 2276 decipitur,
966 2221 1052 2269 24.
1076 2239 1146 2249 -
1169 2212 1388 2276 Apicius,
1416 2190 1514 2274 18,
1533 2230 1615 2273 υ,
1636 2230 1729 2274 22,
1760 2216 1845 2276 23,
1866 2219 1961 2276 48,
1990 2216 2075 2264 58.

421 2304 561 2355 Nor.
603 2322 663 2368 π,
692 2304 741 2355 3.
777 2304 920 2359 Vide
954 2305 1027 2359 ad
1053 2307 1170 2371 111,
1207 2307 1322 2361 152.
1353 2338 1424 2349 —
1450 2309 1651 2375 Apicius
1680 2327 1783 2381 pro
1814 2308 2037 2362 homine
2067 2310 2379 2377 luxurioso,
2414 2316 2509 2365 seh

348 2386 566 2457 guloso3
590 2385 716 2442 vide
743 2386 815 2441 ad
839 2390 942 2455 IV,
972 2390 1057 2443 23.

419 2534 558 2581 Vns.
597 2542 648 2591 4.
694 2534 1006 2594 Convinceus,
1042 2552 1123 2596 ιι,
1147 2546 1204 2583 nt
1238 2536 1358 2584 alibi
1385 2534 1704 2598 thensaurus,
1721 2536 2041 2601 formonsus,
2067 2550 2115 2587 et
2142 2540 2270 2589 iufra
2302 2558 2375 2589 vs.
2410 2544 2509 2603 28,

331 2614 648 2684 fingendum.
671 2618 960 2675 Conventus,
989 2619 1070 2677 15,
1101 2622 1182 2678 ιδ,
1205 2631 1253 2667 et
1279 2620 1364 2667 slii
1385 2620 1547 2668 Godd.
1571 2637 1698 2683 quos
1718 2622 1920 2669 laudant
1946 2624 2156 2672 Pontan.
2177 2626 2397 2672 Analect.
2424 2628 2475 2673 11
2494 2661 2509 2687 ,

345 2714 377 2745 τ
393 2714 438 2756 1,
458 2708 506 2744 et
523 2698 690 2746 Barth.
714 2698 925 2747 Δάνα-ε.
944 2700 1088 2748 XLII
1101 2734 1116 2760 ,
1143 2702 1219 2749 16.
1247 2702 1535 2759 Conventus,
1565 2714 1768 2764 turmae,
1790 2700 2045 2763 stationes,
2066 2718 2207 2751 omne
2222 2706 2439 2753 tribunal
2454 2707 2509 2754 in

347 2781 460 2829 MS.
482 2777 648 2843 aliquo
668 2796 722 2828 se
746 2782 922 2845 legisse
939 2782 1061 2830 dicit
1081 2784 1214 2847 Lips.
1237 2784 1390 2847 Epist.
1409 2786 1597 2846 Quaest.
1616 2787 1667 2832 11
1680 2819 1696 2846 ,
1716 2800 1767 2847 9.

421 2876 475 2927 N
478 2894 564 2928 o‘r.
604 2880 656 2937 4.
702 2876 976 2942 Convictus,
1005 2875 1280 2939 convivia,
1299 2876 1409 2928 hoc
1432 2888 1540 2940 est,
1563 2894 1748 2929 omnes
1763 2914 1777 2939 ‚
1803 2877 1901 2947 qui
1924 2876 1981 2929 in
2000 2878 2263 2931 conviviis
2284 2892 2429 2945 sunt,
2452 2895 2513 2935 ut

347 2956 477 3013 {nox
499 2962 724 3025 thema,
750 2964 999 3021 stationes,
1023 2972 1076 3014 et
1103 2962 1360 3013 theatrum.
1377 2970 1400 2995 ²
1420 2990 1493 3000 —
1527 2962 1748 3011 Therma·
1766 2961 2047 3026 hocloco,
2074 2963 2157 3015 vel
2178 2956 2401 3036 'proprie
2423 2964 2512 3019 di-

348 3058 566 3111 cuntur,
590 3057 644 3097 et
673 3044 894 3117 quidem
920 3046 1196 3111 homines,
1227 3044 1303 3096 ibi
1337 3043 1744 3109 convenientes,
1782 3044 1869 3098 vel
1900 3046 2083 3117 potius
2118 3047 2512 3120 thermopolia,

350 3140 446 3183 aut
472 3130 718 3201 popinoe3
741 3128 868 3182 vide
895 3128 967 3183 ad
989 3131 1132 3182 vm
1151 3170 1167 3195 ,
1207 3130 1326 3182 168.
1351 3160 1422 3169 —
1443 3132 1688 3180 stationes
1716 3143 1841 3182 sunt
1860 3132 2130 3197 συστάσεις,
2161 3133 2375 3201 circuli,
2415 3154 2510 3188 seu

351 3214 536 3265 omnia
561 3213 712 3277 loca,
734 3212 830 3264 ubi
853 3212 1190 3285 frequenter,
1207 3214 1296 3266 vel
1317 3212 1607 3279 audiendi,
1638 3214 1721 3267 vel
1745 3214 2140 3269 confabulandi
2166 3234 2325 3269 causa
2340 3256 2355 3281 ‚
2380 3236 2511 3271 con-

352 3298 537 3351 venire
555 3310 650 3351 aut
671 3298 958 3351 consistere
992 3298 1170 3351 solent
1189 3297 1458 3364 homines,
1487 3298 1637 3350 verb.
1666 3316 1810 3352 caus.
1843 3299 1987 3353 cives
2014 3310 2138 3371 post
2164 3302 2381 3370 negotia
2398 3340 2413 3364 ,
2432 3301 2509 3353 le-

351 3378 466 3453 gati
490 3380 768 3435 civitatum
789 3382 873 3435 vel
899 3382 1318 3455 municipiorum
1335 3422 1350 3446 ‚
1375 3381 1444 3436 de
1461 3383 1584 3453 jure
1606 3380 2019 3455 respondentes,
2044 3393 2315 3436 senatores
2332 3421 2347 3445 ,
2373 3402 2509 3455 qua·

351 3465 428 3519 lia
457 3466 604 3519 fuere
631 3467 969 3531 senaculum,
997 3466 1175 3520 forum
1193 3506 1206 3530 ,
1231 3467 1498 3539 porticus,
1526 3478 1628 3519 etc.

423 3610 478 3661 N
480 3628 566 3663 o‘r.
607 3612 657 3661 5.
697 3614 774 3661 De
794 3612 954 3661 Rutilo
967 3652 984 3677 ‚
1003 3610 1122 3663 scil.
1139 3609 1456 3681 loquuntur,
1475 3608 1811 3671 fabulantur,
1829 3604 2026 3660 rident.

425 3708 566 3757 Vsu.
604 3710 636 3758 5
647 3744 664 3771 ,
686 3710 737 3757 6.
777 3712 850 3757 Ita
867 3710 1002 3759 hunc
1025 3710 1191 3757 locum
1214 3720 1342 3757 recte
1357 3745 1372 3772 ,
1404 3710 1605 3775 opinor,
1627 3706 1958 3756 emendarunt
1980 3710 2213 3773 Rntgers.
2239 3708 2357 3757 Ver.
2376 3711 2504 3759 Lect.

1201 3864 1382 3883 m
1387 3864 1666 3884 mmm

431 3976 448 4001 ¹
488 3946 671 4020 Confer
703 3969 768 4017 sd
793 3972 937 4029 xlv,
973 3968 1054 4019 18.
1091 3970 1387 4035 cognomen
1475 3973 1574 4019 niae
1594 3970 1615 4037 (
1630 3944 1735 4017 Lib.
1762 3971 1841 4017 111
1858 4005 1874 4030 ,
1898 3968 1990 4035 7),
2022 3970 2215 4019 Nautiae
2240 3972 2395 4037 (Fast.
2412 3973 2507 4021 Ca·

353 4050 447 4100 fuit
459 4051 615 4114 gentis
627 4048 824 4097 Marcia
841 4048 964 4114 (vid.
985 4049 1228 4111 Liv.V11‚
1253 4052 1388 4097 16—-
1475 4050 1620 4116 pitol.
1648 4049 1782 4113 apud
1806 4050 2002 4098 Gruter.
2020 4066 2127 4113 pag.
2155 4066 2251 4113 29¹
2272 4049 2314 4114 )‚
2338 4061 2386 4097 et
2410 4050 2469 4099 al.

357 4132 451 4195 393
479 4132 581 4192 lx,
611 4130 696 4191 33,
727 4129 820 4191 383
860 4130 938 4190 X,
971 4144 1036 4191 9,
1060 4136 1122 4190 ⁴7
1142 4128 1192 4195 )‚
1218 4129 1390 4195 Vix-gi·
1554 4134 1578 4162 ²
1612 4130 1757 4178 Conf.
1776 4129 2004 4178 'Vosmad
2026 4129 2208 4190 Vellei,
2234 4132 2315 4191 11,
2335 4130 2417 4177 33.
