3050 4884
565 342 687 421 146
1132 338 1219 401 D.
1264 334 1531 399 JUN11
1577 333 2127 401 JUVENALIS

554 458 647 525 Hi
683 453 1079 551 plerumque
1116 449 1409 545 gradus:
1448 449 1788 519 conducta
1821 451 2112 545 pecunia
2142 454 2376 519 Romae

554 568 643 634 Et
676 589 902 634 coram
935 561 1233 630 dominis
1268 560 1723 649 consumitur-3
1755 558 1912 629 inde
1943 560 2060 629 ubi
2087 559 2395 655 paulum,

552 676 803 747 Nescio
829 673 1027 768 quid,
1058 686 1393 765 superest,
1431 686 1501 740 et
1532 670 1738 766 pallet
1769 671 2020 744 fencris
2051 688 2311 757 auctor,

552 786 695 873 Qui
726 800 987 853 vertere
1020 780 1272 867 solum,
1304 782 1499 851 Baias
1531 798 1601 851 et
1631 780 1718 851 ad
1752 797 1976 851 ostrea
2005 796 2313 851 currunt.

550 897 804 966 Cedere
838 917 1127 987 namque
1158 890 1312 960 foro
1346 892 1488 983 jam
1522 916 1665 960 non
1697 907 1799 961 est
1835 892 2171 977 deteriuS,
2209 911 2410 985 quam
2635 901 2704 955 50

549 1004 882 1100 Esquilias
914 1030 952 1072 a
989 1002 1282 1071 ferventi
1311 1003 1606 1097 migrare
1633 1002 1919 1071 Subura.

546 1116 669 1185 Ille
696 1114 891 1184 dolor
922 1112 1103 1183 solus
1135 1113 1423 1207 patriam
1457 1112 1911 1206 fugientibus,
1944 1110 2056 1181 illa

545 1224 872 1293 Moestitia
904 1236 1033 1306 est,
1074 1220 1363 1287 caruisse
1396 1242 1579 1286 anno
1607 1219 2038 1287 Circensibus
2067 1241 2228 1287 unc.

540 1334 903 1429 Sanguinis
940 1332 1010 1399 in
1043 1328 1215 1399 facie
1248 1352 1391 1397 non
1420 1328 1634 1397 haeret
1661 1342 1850 1422 gutta
1877 1354 1893 1397 ε
1927 1341 2281 1397 morantur

541 1443 747 1512 Pauci
780 1438 1143 1511 ridiculum
1173 1437 1608 1532 effugientem
1641 1462 1722 1505 ex
1748 1438 1938 1507 Urbe
1969 1436 2320 1533 pudorem.
2377 1520 2386 1527 ⁴
2627 1449 2695 1505 55

636 1550 1002 1645 Experiere
1028 1546 1266 1633 hodie,
1306 1547 1644 1642 numquid
1676 1548 2136 1641 pulcherrima
2160 1546 2376 1630 dictu,

540 1661 808 1730 Persice
828 1712 847 1745 ,
876 1682 1017 1726 non
1050 1672 1365 1753 praestem
1403 1658 1577 1745 vita,
1606 1656 1715 1725 vel
1749 1658 2090 1744 moribus,
2121 1670 2192 1725 et
2219 1680 2291 1724 re
2309 1681 2340 1742 ;·

542 1770 677 1839 Sed
706 1766 975 1837 laudem
1008 1766 1279 1859 siliquas
1310 1766 1620 1836 occultus
1651 1790 1904 1860 gane03
1943 1765 2164 1862 pultes

542 1886 791 1953 Coram
821 1878 965 1947 aliis
995 1878 1243 1947 dictem
1272 1902 1525 1973 puero,
1561 1876 1682 1947 sed
1709 1878 1777 1945 in
1807 1902 1973 1946 aure
2002 1876 2362 1972 placentas.

538 1993 717 2063 Nam
744 2016 957 2085 quum
994 1990 1079 2059 sis
1114 1990 1397 2059 conviva
1432 1989 1602 2058 mihi
1635 1989 2037 2084 promissuS,
2071 1986 2346 2055 habebis
2625 2000 2696 2051 60

536 2238 779 2286 tremam
794 2236 1103 2303 egestatem
1116 2236 1177 2283 et
1190 2225 1477 2283 miseriam
1498 2226 1622 2283 istis
1639 2226 1762 2284 fere
1779 2226 2054 2303 gradibus
2073 2225 2420 2283 deveniunt:
2441 2222 2696 2299 primum

534 2337 804 2375 nummos
831 2318 1123 2394 accipiunt
1150 2329 1415 2389 mutuos,
1448 2335 1598 2392 quos
1631 2320 1832 2375 Romae
1855 2317 2206 2391 dilapidant,
2243 2314 2694 2389 inspectantibus

534 2410 672 2484 ipsis
696 2410 1085 2467 creditoribus
1107 2432 1120 2466 :
1142 2420 1447 2485 postquam
1470 2412 1571 2465 illa
1593 2410 1835 2484 pecunia
1864 2420 1986 2465 tota
2009 2410 2190 2465 ferme
2219 2417 2558 2481 consumpta
2579 2416 2693 2479 est,

534 2501 858 2579 incipitque
879 2503 1179 2560 fenerator
1194 2513 1455 2559 metuere
1472 2544 1490 2572 ,
1512 2522 1590 2559 ne
1612 2514 1828 2560 sortem
1843 2503 2052 2577 perdat
2065 2544 2084 2571 ,
2109 2514 2230 2557 tum
2257 2501 2352 2557 isti
2373 2500 2692 2557 nebulones

534 2598 781 2653 Romam
812 2596 1015 2655 exsilio
1044 2596 1381 2653 voluntario
1410 2596 1720 2667 deserunt,
1761 2596 1997 2651 demum
2023 2595 2096 2650 ad
2137 2597 2408 2650 Baianum
2449 2592 2690 2651 Ostien-

534 2708 733 2747 semve
748 2701 990 2765 portum
1006 2689 1257 2765 fugiunt.
1278 2692 1427 2745 Nam
1452 2690 1801 2763 decoquere,
1821 2709 1884 2745 ac
1899 2689 2092 2745 forum
2111 2688 2500 2765 argentarium
2521 2688 2693 2745 relin-

534 2798 741 2856 quere,
766 2780 988 2837 nemini
1016 2781 1253 2837 videtur
1282 2800 1438 2837 nunc
1468 2783 1720 2857 turpius,
1747 2800 1920 2857 quam
1943 2782 2018 2837 ab
2039 2800 2154 2837 una
2171 2781 2337 2837 urbis
2355 2780 2596 2857 regione
2613 2780 2690 2837 ad

533 2876 772 2931 alteram
788 2916 805 2943 ,
842 2894 875 2929 a
902 2874 1161 2930 suburra
1180 2914 1196 2945 ,
1214 2874 1319 2930 ubi
1346 2885 1506 2930 aestas
1533 2885 1593 2931 et
1619 2876 1780 2930 calor
1797 2885 1880 2931 est
1908 2874 2164 2949 gravior,
2189 2874 2248 2929 in
2275 2874 2556 2948 Esquilias
2586 2872 2689 2929 fri-

470 2990 479 2999 ’
533 2966 789 3043 gidiores
826 2965 1189 3040 demigrare:
1214 2982 1393 3021 unum
1436 2965 1497 3022 id
1536 2967 1758 3022 exsules
1795 2966 1890 3022 isti
1930 2966 2158 3035 dolent,
2196 2967 2356 3041 quod
2391 2967 2686 3023 Circenses

532 3058 704 3114 ludos
750 3056 922 3113 unius
962 3056 1133 3123 anni,
1184 3074 1303 3131 quo
1344 3056 1602 3115 abfuturi
1633 3070 1767 3115 sunt
1815 3060 2030 3127 Roma,
2065 3059 2250 3132 spatio
2293 3078 2417 3115 non
2463 3071 2684 3134 specta-

532 3151 713 3207 bunt:
740 3158 997 3205 ceterum
1016 3190 1035 3217 ,
1068 3149 1229 3223 quod
1254 3148 1593 3206 decoxerint
1610 3193 1625 3220 ‚
1648 3150 1810 3225 quod
1831 3151 2072 3225 patriam
2100 3152 2460 3209 deseruerint
2480 3195 2497 3223 ,
2525 3154 2684 3209 nulla

531 3262 665 3318 pars
698 3243 860 3299 faciei
901 3241 1203 3299 erubescit.
1253 3243 1481 3310 Quotus
1523 3242 1676 3298 enim
1725 3243 1972 3318 quisque
2011 3245 2242 3301 tandem
2286 3256 2402 3315 est,
2440 3245 2542 3319 qui
2567 3264 2679 3320 pu-

534 3335 741 3393 dorem
779 3336 963 3391 Roma
999 3336 1119 3408 jam
1155 3334 1417 3391 exsulare
1460 3336 1848 3409 compulsum,
1893 3346 1951 3392 et
1985 3336 2060 3405 ‚ab
2097 3336 2368 3394 omnibus
2407 3337 2677 3411 irrisum,

532 3426 789 3483 retinere
830 3425 1030 3481 curet?

612 3516 709 3574 56.
753 3516 1047 3592 Intelliges
1076 3516 1359 3573 hodierna
1388 3516 1511 3588 die,
1545 3536 1580 3573 o
1611 3516 1867 3585 Persice,
1897 3536 1968 3573 an
1993 3518 2292 3592 praeclaras
2321 3518 2454 3574 istas
2481 3520 2680 3595 fruga-

525 3611 700 3666 litatis
728 3611 885 3686 leges
918 3610 1223 3666 observem
1256 3610 1471 3683 reipsa;
1512 3620 1712 3665 utrum
1740 3610 1804 3668 in
1835 3610 2094 3667 moribus
2131 3610 2298 3677 meis,
2338 3630 2402 3666 ac
2439 3611 2678 3669 vivendi

524 3704 755 3761 ratione
785 3702 968 3759 veluti
1004 3714 1409 3778 repraesentem
1448 3722 1542 3772 ea,
1577 3720 1705 3776 quae
1740 3703 1934 3759 verbis
1971 3713 2030 3759 et
2071 3701 2370 3779 magnifica
2413 3704 2677 3761 oratione

523 3796 860 3870 praedicavi3
894 3814 965 3851 an
998 3796 1153 3852 olera
1174 3838 1189 3863 ‚
1219 3808 1277 3852 et
1298 3798 1441 3853 viles
1470 3797 1632 3853 cibos
1663 3798 1846 3871 palam
1875 3796 2227 3866 collaudem,
2267 3795 2498 3853 interim
2535 3797 2678 3853 dum

502 3890 669 3944 clam
696 3905 901 3943 vescor
934 3887 1311 3958 lautioribus3
1350 3908 1424 3944 an
1464 3906 1644 3962 quum
1685 3888 1945 3945 invisunt
2032 3908 2072 3960 ‚e
2106 3888 2304 3955 amici,
2345 3890 2494 3945 clara
2530 3908 2676 3947 voce

512 3980 807 4055 jubeam-a
834 3996 1005 4035 servo
1036 3981 1227 4053 parari
1256 3981 1399 4037 mihi
1426 3982 1488 4037 in
1520 4000 1738 4039 coenam
1771 3908 2158 4057 ριιῑῐεεςῗοοε
2190 3982 2326 4039 dein
2359 3982 2671 4055 submissa,

518 4074 707 4131 eidem
742 4083 811 4129 ut
842 4073 1134 4148 placentas
1158 4088 1435 4152 apponat,
1480 4076 1779 4151 imperem.
1826 4078 2022 4145 Quum
2055 4075 2210 4131 enim
2245 4075 2582 4149 promiseris
2613 4086 2674 4133 te
