3050 4884
490 349 611 434 294
799 341 1141 408 VARIAE
1189 340 1770 406 LECTIONES
1817 343 2291 410 ET‘NOTAE

556 457 697 510 Nor.
739 455 855 510 235.
893 456 1097 526 Magna
1124 473 1245 508 cum
1268 453 1320 506 vi
1342 463 1501 524 poeta
1527 451 1685 516 dicit,
1712 455 1944 514 hostiam,
1975 467 2030 508 et
2055 453 2275 526 quidem
2301 471 2614 528 quamcum..

487 559 593 610 que
620 557 683 592 ac
703 539 787 591 vel
810 536 1111 600 minimam,
1134 541 1244 588 vita
1261 538 1532 604 digniorem
1554 554 1667 589 esse
1689 535 1946 590 scelerato
1967 538 2187 593 homine
2201 577 2218 604 ,
2240 557 2342 609 pro
2361 540 2517 612 cujus
2533 557 2616 591 sa-

489 623 602 675 lute
618 632 898 674 voveatur.

558 721 741 772 Anu..
778 715 1073 784 236-249.
1112 713 1381 768 Ultimum
1416 712 1800 768 consolationis
1831 727 2176 770 momentum.
2213 739 2235 762 ι
2251 715 2375 768 Hoc
2407 713 2620 786 potissi·

492 819 643 854 mum
660 810 738 852 est
750 796 824 851 ad
840 797 1261 852 consolationem
1276 795 1505 850 calvini:
1524 795 1601 848 ait
1615 796 1776 862 enim,
1793 797 2058 850 malorum
2078 797 2282 851 variam
2297 809 2352 850 et
2364 795 2620 866 mobilem

490 901 605 936 esse
629 894 876 935 naturam
890 918 908 945 ,
936 892 998 933 ut
1013 880 1081 933 ad
1104 878 1435 952 peccandum
1454 891 1760 933 constantes
1775 880 1908 944 sint,
1932 898 2162 951 moxque
2183 891 2405 951 peracto
2422 879 2620 932 scelere

488 984 587 1018 sua
604 977 933 1035 cognoscant
952 963 1236 1018 malefacta
1252 1003 1271 1029 ‚
1294 963 1389 1016 sed
1408 976 1586 1018 tamen
1606 967 1810 1017 Natura
1832 964 2141 1036 impellente
2157 963 2229 1018 ad
2246 964 2472 1036 pristina
2489 963 2620 1024 vitia

486 1069 545 1104 se
568 1048 775 1113 redire;
802 1048 947 1101 uude
968 1047 1205 1118 colligit,
1226 1047 1536 1119 improbum
1561 1047 1837 1102 hominem
1862 1048 2016 1102 toties
2045 1060 2416 1120 peccaturum,
2433 1059 2497 1100 ut
2519 1046 2618 1100 ali·

488 1130 709 1203 quando
738 1128 1175 1204 deprehendatur
1200 1131 1480 1202 solvatque
1502 1149 1688 1204 ponas
1702 1151 1718 1196 ς
1731 1155 1755 1177 ι
1787 1132 1978 1180 Britan.
2013 1131 2226 1194 Natura
2245 1142 2424 1184 autem
2443 1127 2614 1182 malo-

492 1232 617 1267 rum
636 1214 918 1268 hominum
937 1213 1147 1287 egregie
1164 1213 1271 1268 hoc
1293 1211 1417 1266 loco
1440 1231 1503 1269 ac
1528 1232 1652 1267 vere
1673 1211 2042 1266 adumbratur.

562 1311 701 1364 Nor.
742 1308 865 1364 236.
906 1333 931 1356 α
945 1309 1068 1362 Hoc
1086 1307 1291 1362 habent
1313 1309 1455 1362 inter
1474 1319 1653 1362 cetera
1677 1307 1810 1365 boni
1833 1327 2036 1374 mores,
2059 1308 2277 1380 placent
2303 1306 2410 1360 sibi
2427 1318 2485 1360 et
2497 1324 2618 1376 per-

488 1407 708 1458 manent
726 1411 742 1447 :
762 1394 895 1446 levis
911 1405 992 1446 est
1008 1391 1245 1456 malitia,
1283 1409 1422 1464 sape
1442 1404 1700 1448 mutatur.
1726 1409 1838 1444 non
1869 1393 1924 1444 in
1949 1393 2170 1457 melius,
2198 1391 2294 1444 sed
2319 1391 2378 1443 in
2405 1388 2576 1442 aliud.
2595 1413 2616 1434 ι

490 1480 615 1532 Sen.
653 1477 824 1550 Epist.
860 1483 948 1546 47.
982 1505 1055 1519 —
1086 1480 1315 1540 Natum,
1342 1475 1554 1530 indoles
1587 1475 1784 1540 animi,
1816 1494 2012 1540 mores,
2053 1477 2234 1530 Germ.
2262 1477 2616 1527 Charaeta.—

492 1565 739 1632 ῌαὶοπιηι
758 1560 1060 1612 hominum.

561 1732 701 1778 Van.
736 1731 854 1792 ²37·
890 1730 1043 1788 Dum,
1066 1730 1151 1777 23.
1186 1728 1339 1785 Tum,
1359 1729 1445 1778 60.
1474 1755 1547 1766 -—
1572 1731 1788 1794 &aper-est
1805 1729 2048 1784 audacia,
2077 1746 2161 1791 77.
2183 1755 2252 1767 —
2271 1725 2506 1792 Quidfas
2525 1741 2618 1790 pro

490 1815 729 1880 quodfas
746 1813 939 1860 restitui
954 1829 1017 1862 cx
1040 1828 1127 1870 xo,
1152 1827 1237 1872 21,
1258 1821 1354 1872 24,
1382 1809 1468 1873 25,
1491 1822 1574 1875 47,
1594 1813 1686 1873 48,
1708 1815 1930 1874 55-60,
1953 1816 2042 1874 62,
2067 1815 2296 1877 66-69,
2319 1819 2551 1874 7ι-74,
2571 1820 2620 1858 et

487 1896 733 1972 plerisque
752 1897 889 1944 MSS.
910 1895 1063 1944 Paris.

558 1994 692 2042 Van.
729 1992 850 2040 238.
890 1991 1098 2051 Tamen,
1118 1991 1217 2048 25,
1242 1991 1338 2049 46,
1368 1998 1464 2053 49,
1490 1991 1588 2049 56,
1615 1991 1700 2058 57,
1721 1995 1818 2052 60,
1839 1993 1925 2044 65.

556 2087 698 2140 Nor.
738 2082 868 2151 239,
898 2089 1017 2146 240.
1052 2083 1211 2136 Conf.
1240 2083 1431 2136 Horat.
1446 2085 1618 2158 Epist.
1637 2086 1682 2150 Ι,
1713 2103 1803 2151 ιο,
1833 2093 1927 2153 24,
1957 2089 2341 2142 2⁵.-1vamm
2349 2089 2459 2159 jam
2475 2085 2620 2138 facta

475 2175 626 2242 fixa,
648 2180 899 2222 constans
916 2167 972 2218 in
990 2166 1120 2220 vitio
1132 2205 1148 2231 ,
1164 2181 1217 2218 ec
1233 2171 1417 2220 mucan·
1428 2171 1612 2231 nescia,
1633 2170 1918 2234 obfirmata
1939 2169 2325 2225 consuetudine
2341 2167 2621 2242 peccandi,

487 2272 651 2328 quam
668 2251 775 2306 sibi
796 2250 1065 2311 contraxit
1090 2269 1239 2304 mens
1258 2249 1329 2304 ad
1347 2251 1480 2305 vitia
1497 2254 1756 2323 proclivis
1778 2273 2070 2326 eorumque
2099 2251 2388 2310 dulcedine
2409 2253 2522 2324 jam
2547 2251 2621 2304 ir·

490 2338 649 2392 retita
672 2349 727 2390 et
744 2334 798 2386 in
816 2333 947 2398 illis,
970 2334 1182 2405 abjecto
1200 2333 1349 2389 omni
1364 2333 1594 2405 pudore,
1617 2335 1956 2390 confirmata.
1979 2334 2134 2388 Conf.
2157 2333 2228 2388 acl
2252 2336 2365 2387 VII
2381 2373 2398 2400 ,
2426 2335 2496 2388 50
2508 2349 2616 2404 seq.

487 2433 541 2476 et
575 2421 763 2474 Horat.
802 2415 977 2487 Epist.
1014 2415 1139 2468 loco
1174 2435 1336 2488 supra
1372 2417 1561 2489 citato.
1613 2442 1635 2464 ι
1651 2419 1734 2472 Ex
1766 2420 2045 2474 voluntate
2079 2435 2329 2490 perversa
2363 2419 2505 2470 facta
2541 2428 2621 2470 est

486 2501 688 2568 libido,
708 2512 763 2554 et
782 2497 914 2551 dum
936 2497 1163 2550 servitur
1196 2497 1436 2564 libidini,
1473 2501 1618 2554 facta
1651 2515 1732 2554 est
1765 2502 2128 2566 consuetudo,
2159 2512 2215 2554 et
2239 2500 2370 2555 dum
2396 2519 2617 2554 consue·

487 2585 666 2651 ,tudini
697 2602 809 2636 non
826 2580 1113 2648 resistitur,
1138 2581 1283 2636 facta
1301 2594 1381 2635 est
1398 2583 1718 2647 necessitas,
1732 2609 1756 2631 ι
1775 2583 2053 2656 Angustia.
2075 2585 2314 2638 Confess.
2335 2584 2468 2648 vn,
2487 2583 2535 2636 5.
2552 2611 2620 2622 —

485 2669 747 2726 Eamdem
773 2666 1091 2722 sententiam
1104 2703 1123 2732 ‚
1144 2663 1241 2718 sed
1264 2666 1377 2720 alio
1400 2685 1593 2732 sensu,
1613 2669 1874 2740 expressit
1902 2682 2112 2723 nostras
2139 2673 2342 2722 Boilean
2359 2707 2378 2738 ,
2395 2670 2510 2722 Sat.
2531 2669 2585 2721 X
2603 2685 2618 2720 :

824 2797 853 2818 ι.
868 2779 993 2823 Dans
1005 2775 1053 2822 le
1066 2776 1211 2822 ‹tt-ime
1226 2775 1261 2822 il
1276 2775 1401 2823 suffit
1412 2777 1580 2837 qu'unc
1599 2777 1690 2824 fois
1705 2793 1768 2823 on
1785 2777 1956 2824 dkbnte
1966 2811 1983 2834 ,

816 2874 843 2894 α
863 2853 967 2900 Une
984 2847 1121 2896 chuta
1142 2850 1347 2912 toujonts
1360 2855 1494 2898 attii-s
1520 2867 1610 2898 une
1627 2859 1756 2900 autre
1771 2852 1906 2898 ehnts
1926 2870 1938 2896 z

826 2949 851 2967 κ
868 2927 1127 2972 L’honneur
1147 2933 1217 2971 est
1230 2941 1411 2971 comme
1431 2941 1521 2970 une
1543 2925 1603 2970 lle
1626 2924 1838 2986 escarpee
1855 2934 1904 2971 et
1921 2941 2022 2972 sans
2038 2925 2179 2972 box-ds
2193 2960 2206 2981 ,

822 3022 849 3040 ιι
866 3003 939 3046 On
955 2999 1036 3058 n'y
1058 3006 1170 3060 peut
1187 2997 1290 3060 plus
1308 3009 1500 3054 tenu-er,
1517 2998 1600 3044 des
1615 3001 1755 3060 qu'on
1776 3014 1835 3045 en
1853 3008 1922 3044 cst
1933 2999 2116 3046 dehors.
2129 3020 2154 3040 ιι
2497 2999 2579 3046 Eo.

551 3168 691 3213 Van.
732 3172 853 3218 241.
886 3159 1139 3224 Imposuit,
1172 3176 1253 3223 ¹9·

546 3261 680 3306 Van.
716 3262 839 3310 242.
870 3250 1123 3308 Aen-imm,
1152 3252 1597 3318 13.—-Pudorem,
1621 3270 1710 3315 21,
1738 3241 1823 3315 22,
1843 3263 1927 3314 ²4,
1947 3258 2032 3306 28.

546 3362 601 3414 N
603 3381 689 3413 οϊ.
730 3362 851 3421 ²4²·
886 3358 1065 3408 Attrita
1088 3357 1154 3405 de
1166 3355 1366 3422 fronte,
1390 3355 1499 3410 hoo
1522 3369 1632 3420 est,
1659 3355 1795 3412 dura
1815 3371 1872 3412 et
1897 3358 2258 3416 inverecunda
2284 3359 2370 3412 vel
2387 3358 2612 3429 pudoris

477 3455 709 3523 experte.
740 3440 829 3494 Sic
852 3450 905 3492 et
923 3438 1197 3506 perfricare
1198 3439 1424 3506 frontem
1448 3452 1504 3493 et
1522 3459 1582 3492 os
1607 3439 1806 3494 dicitur
1826 3458 1956 3515 pro,
1983 3442 2248 3515 pudorem
2274 3441 2537 3515 deponere
2557 3456 2613 3496 et

478 3527 742 3599 expellere
765 3523 850 3577 vel
873 3523 1043 3591 ejicere
1065 3521 1219 3593 quasi
1239 3519 1307 3574 de
1330 3521 1507 3576 fronte
1524 3525 1799 3578 attritione
1817 3527 1952 3596 ejus.
1977 3536 1995 3561 ¹
2021 3527 2112 3580 sic
2128 3526 2321 3598 gallice
2337 3526 2547 3580 dicetur
2557 3547 2612 3580 se

458 3613 608 3680 faire
630 3628 695 3660 tm
706 3611 855 3676 smne
869 3607 958 3675 qui
969 3625 1034 3658 ne
1058 3607 1429 3674 rongitjamais
1448 3607 1581 3676 (vid.
1597 3609 1802 3668 Bao-ine,
1823 3611 2036 3670 Phedre,
2060 3621 2164 3663 act.
2186 3610 2294 3674 111,
2313 3628 2388 3662 sc.
2410 3609 2485 3680 3).
2503 3611 2611 3664 En.

548 3706 687 3758 Nor.
726 3708 848 3766 244.
886 3703 1043 3754 Dabit
1053 3701 1287 3769 vestigia,
1308 3700 1502 3772 pedes,
1523 3705 1576 3754 in
1599 3707 1824 3771 laqueos,
1845 3723 1982 3776 quos
1999 3704 2048 3759 ei
2065 3705 2201 3760 vitia
2218 3707 2375 3780 quasi
2387 3719 2620 3779 pontum

1315 3873 1495 3891 m
1500 3875 1777 3894 §mm

540 4013 561 4038 ¹
598 4005 718 4056 Vid.
737 4005 801 4054 ad
824 4007 904 4066 11,
924 4005 985 4068 83
1006 4007 1108 4058 Cic.
1125 4009 1267 4056 Tusc.
1295 4009 1481 4072 Quaest.
1571 4010 1703 4074 apud
1737 4010 1946 4074 Quintil.
1987 4015 2092 4074 Ix,
2121 4030 2150 4062 2
2169 4047 2184 4074 ,
2219 4017 2308 4076 25,
2336 4025 2384 4063 et
2413 4015 2612 4064 Ernesti

464 4089 565 4147 111,
600 4089 695 4147 183
723 4082 938 4136 Martial.
966 4089 1044 4135 XI
1095 4089 1159 4135 28
1177 4124 1192 4148 ,
1227 4105 1253 4148 7
1280 4089 1481 4137 .Calvus
1571 4091 1689 4138 clav.
1714 4093 1817 4141 Cic.
1851 4108 1958 4140 voe.
1978 4092 2278 4159 peffn'mre.
