<?xml version="1.0" encoding="UTF-8"?>
<!DOCTYPE html PUBLIC "-//W3C//DTD XHTML 1.0 Transitional//EN"
    "http://www.w3.org/TR/xhtml1/DTD/xhtml1-transitional.dtd">
<html xmlns="http://www.w3.org/1999/xhtml" xml:lang="en" lang="en">
 <head>
  <title>
</title>
<meta http-equiv="Content-Type" content="text/html;charset=utf-8" />
  <meta name='ocr-system' content='tesseract 3.04.00' />
  <meta name='ocr-capabilities' content='ocr_page ocr_carea ocr_par ocr_line ocrx_word'/>
</head>
<body>
  <div class='ocr_page' id='page_1' title='image "./djuniijuvenalis00jouvgoog/djuniijuvenalis00jouvgoog_0304.png"; bbox 0 0 3050 4884; ppageno 0'>
   <div class='ocr_carea' id='block_1_1' title="bbox 622 383 2522 472">
    <p class='ocr_par' dir='ltr' id='par_1_1' title="bbox 622 383 2522 472">
     <span class='ocr_line' id='line_1_1' title="bbox 622 383 2522 472; baseline -0.001 -20"><span class='ocrx_word' id='word_1_1' title='bbox 622 383 963 452; x_wconf 73' lang='lat' dir='ltr'><strong>sATfflAE</strong></span> <span class='ocrx_word' id='word_1_2' title='bbox 1010 386 1371 454; x_wconf 76' lang='lat' dir='ltr'>DECIMAE</span> <span class='ocrx_word' id='word_1_3' title='bbox 1414 383 1802 472; x_wconf 79' lang='lat' dir='ltr'><strong>QUARTAE</strong></span> <span class='ocrx_word' id='word_1_4' title='bbox 1847 384 2286 454; x_wconf 76' lang='lat' dir='ltr'><strong>ANALYs1s.</strong></span> <span class='ocrx_word' id='word_1_5' title='bbox 2395 401 2522 470; x_wconf 74' lang='lat'><strong>299</strong></span> 
     </span>
    </p>
   </div>
   <div class='ocr_carea' id='block_1_2' title="bbox 378 510 2533 4154">
    <p class='ocr_par' dir='ltr' id='par_1_2' title="bbox 378 510 2533 4154">
     <span class='ocr_line' id='line_1_2' title="bbox 382 510 2520 591; baseline 0.002 -27"><span class='ocrx_word' id='word_1_6' title='bbox 382 518 575 566; x_wconf 85' lang='lat' dir='ltr'><strong>nutem</strong></span> <span class='ocrx_word' id='word_1_7' title='bbox 616 510 787 568; x_wconf 73' lang='lat' dir='ltr'><strong>altius</strong></span> <span class='ocrx_word' id='word_1_8' title='bbox 824 511 1127 590; x_wconf 73' lang='lat' dir='ltr'><strong>insurgens</strong></span> <span class='ocrx_word' id='word_1_9' title='bbox 1168 513 1581 574; x_wconf 81' lang='lat' dir='ltr'><strong>declamatorio</strong></span> <span class='ocrx_word' id='word_1_10' title='bbox 1621 531 1789 574; x_wconf 89' lang='lat' dir='ltr'><strong>more</strong></span> <span class='ocrx_word' id='word_1_11' title='bbox 1827 525 1888 574; x_wconf 89' lang='lat' dir='ltr'><strong>et</strong></span> <span class='ocrx_word' id='word_1_12' title='bbox 1925 512 2185 591; x_wconf 78' lang='lat' dir='ltr'>magistri</span> <span class='ocrx_word' id='word_1_13' title='bbox 2219 511 2520 570; x_wconf 71' lang='lat' dir='ltr'><strong>severitate</strong></span> 
     </span>
     <span class='ocr_line' id='line_1_3' title="bbox 378 611 2523 700; baseline 0.009 -34"><span class='ocrx_word' id='word_1_14' title='bbox 378 611 533 688; x_wconf 80' lang='lat' dir='ltr'><strong>illud</strong></span> <span class='ocrx_word' id='word_1_15' title='bbox 560 612 625 670; x_wconf 87' lang='lat' dir='ltr'><strong>in</strong></span> <span class='ocrx_word' id='word_1_16' title='bbox 654 615 937 676; x_wconf 81' lang='lat' dir='ltr'><strong>iuvidiam</strong></span> <span class='ocrx_word' id='word_1_17' title='bbox 968 614 1214 676; x_wconf 73' lang='lat' dir='ltr'><strong>&#39;adducit</strong></span> <span class='ocrx_word' id='word_1_18' title='bbox 1254 630 1431 696; x_wconf 79' lang='lat' dir='ltr'><strong>atque</strong></span> <span class='ocrx_word' id='word_1_19' title='bbox 1462 621 1920 699; x_wconf 75' lang='lat' dir='ltr'><strong>indignationem</strong></span> <span class='ocrx_word' id='word_1_20' title='bbox 1953 619 2202 700; x_wconf 79' lang='lat' dir='ltr'><strong>excitat)</strong></span> <span class='ocrx_word' id='word_1_21' title='bbox 2239 637 2372 678; x_wconf 88' lang='lat' dir='ltr'><strong>cum</strong></span> <span class='ocrx_word' id='word_1_22' title='bbox 2395 615 2523 686; x_wconf 80' lang='lat' dir='ltr'><strong>ina,</strong></span> 
     </span>
     <span class='ocr_line' id='line_1_4' title="bbox 382 721 2522 800; baseline 0.005 -25"><span class='ocrx_word' id='word_1_23' title='bbox 382 730 597 794; x_wconf 69' lang='lat' dir='ltr'><strong>praeter</strong></span> <span class='ocrx_word' id='word_1_24' title='bbox 620 721 782 793; x_wconf 85' lang='lat' dir='ltr'><strong>loca,</strong></span> <span class='ocrx_word' id='word_1_25' title='bbox 813 723 878 781; x_wconf 87' lang='lat' dir='ltr'><strong>in</strong></span> <span class='ocrx_word' id='word_1_26' title='bbox 907 725 1230 784; x_wconf 68' lang='lat' dir='ltr'><strong>Commeat.</strong></span> <span class='ocrx_word' id='word_1_27' title='bbox 1259 725 1495 784; x_wconf 73' lang='lat' dir='ltr'><strong>landrta</strong></span> <span class='ocrx_word' id='word_1_28' title='bbox 1512 769 1534 800; x_wconf 91' lang='lat'><strong>,</strong></span> <span class='ocrx_word' id='word_1_29' title='bbox 1569 728 1704 784; x_wconf 84' lang='lat' dir='ltr'><strong>Seu.</strong></span> <span class='ocrx_word' id='word_1_30' title='bbox 1739 726 1814 784; x_wconf 89' lang='lat' dir='ltr'><strong>de</strong></span> <span class='ocrx_word' id='word_1_31' title='bbox 1843 727 1970 797; x_wconf 83' lang='lat' dir='ltr'><strong>Ira,</strong></span> <span class='ocrx_word' id='word_1_32' title='bbox 2002 723 2090 798; x_wconf 87' lang='grc' dir='ltr'><strong>Π,</strong></span> <span class='ocrx_word' id='word_1_33' title='bbox 2121 745 2231 798; x_wconf 73' lang='lat' dir='ltr'><strong>aa,</strong></span> <span class='ocrx_word' id='word_1_34' title='bbox 2259 735 2317 782; x_wconf 89' lang='lat' dir='ltr'><strong>et</strong></span> <span class='ocrx_word' id='word_1_35' title='bbox 2339 723 2522 798; x_wconf 72' lang='lat' dir='ltr'><strong>Epist.</strong></span> 
     </span>
     <span class='ocr_line' id='line_1_5' title="bbox 386 825 2525 902; baseline 0.001 -20"><span class='ocrx_word' id='word_1_36' title='bbox 386 843 485 900; x_wconf 88' lang='lat'><strong>97.</strong></span> <span class='ocrx_word' id='word_1_37' title='bbox 516 828 671 884; x_wconf 87' lang='lat' dir='ltr'><strong>Plut.</strong></span> <span class='ocrx_word' id='word_1_38' title='bbox 705 828 779 886; x_wconf 86' lang='lat' dir='ltr'><strong>de</strong></span> <span class='ocrx_word' id='word_1_39' title='bbox 806 829 1063 888; x_wconf 86' lang='lat' dir='ltr'><strong>Institut.</strong></span> <span class='ocrx_word' id='word_1_40' title='bbox 1094 831 1291 890; x_wconf 84' lang='lat' dir='ltr'><strong>Liber.</strong></span> <span class='ocrx_word' id='word_1_41' title='bbox 1320 842 1381 888; x_wconf 87' lang='lat' dir='ltr'><strong>et</strong></span> <span class='ocrx_word' id='word_1_42' title='bbox 1414 830 1662 902; x_wconf 86' lang='lat' dir='ltr'><strong>Quintil.</strong></span> <span class='ocrx_word' id='word_1_43' title='bbox 1689 833 1831 889; x_wconf 80' lang='lat' dir='ltr'><strong>lust.</strong></span> <span class='ocrx_word' id='word_1_44' title='bbox 1861 833 2026 890; x_wconf 73' lang='lat' dir='ltr'><strong>orat.</strong></span> <span class='ocrx_word' id='word_1_45' title='bbox 2061 833 2124 902; x_wconf 86' lang='grc' dir='ltr'><strong>Ι,</strong></span> <span class='ocrx_word' id='word_1_46' title='bbox 2177 849 2238 901; x_wconf 89' lang='lat'><strong>1,</strong></span> <span class='ocrx_word' id='word_1_47' title='bbox 2271 829 2340 901; x_wconf 89' lang='lat'><strong>6,</strong></span> <span class='ocrx_word' id='word_1_48' title='bbox 2361 825 2525 900; x_wconf 84' lang='lat' dir='ltr'><strong>cujus</strong></span> 
     </span>
     <span class='ocr_line' id='line_1_6' title="bbox 388 929 2525 1012; baseline 0.002 -29"><span class='ocrx_word' id='word_1_49' title='bbox 388 929 569 986; x_wconf 76' lang='lat' dir='ltr'><strong>,verba</strong></span> <span class='ocrx_word' id='word_1_50' title='bbox 599 933 843 992; x_wconf 88' lang='lat' dir='ltr'><strong>omnino</strong></span> <span class='ocrx_word' id='word_1_51' title='bbox 870 933 1049 1010; x_wconf 74' lang='lat' dir='ltr'><strong>digna</strong></span> <span class='ocrx_word' id='word_1_52' title='bbox 1078 946 1242 1007; x_wconf 85' lang='lat' dir='ltr'><strong>sunt,</strong></span> <span class='ocrx_word' id='word_1_53' title='bbox 1274 955 1406 1012; x_wconf 66' lang='lat' dir='ltr'><strong>qun</strong></span> <span class='ocrx_word' id='word_1_54' title='bbox 1430 937 1493 994; x_wconf 86' lang='lat' dir='ltr'><strong>b.</strong></span> <span class='ocrx_word' id='word_1_55' title='bbox 1518 937 1633 993; x_wconf 89' lang='lat' dir='ltr'><strong>loc.</strong></span> <span class='ocrx_word' id='word_1_56' title='bbox 1655 935 2062 994; x_wconf 70' lang='lat' dir='ltr'><strong>adscribantur</strong></span> <span class='ocrx_word' id='word_1_57' title='bbox 2087 955 2104 990; x_wconf 71' lang='grc' dir='ltr'><strong>ε</strong></span> <span class='ocrx_word' id='word_1_58' title='bbox 2137 955 2163 984; x_wconf 71' lang='grc' dir='ltr'><strong>σι</strong></span> <span class='ocrx_word' id='word_1_59' title='bbox 2187 933 2426 991; x_wconf 84' lang='lat' dir='ltr'><strong>Utinam</strong></span> <span class='ocrx_word' id='word_1_60' title='bbox 2444 930 2525 988; x_wconf 89' lang='lat' dir='ltr'><strong>li-</strong></span> 
     </span>
     <span class='ocr_line' id='line_1_7' title="bbox 387 1030 2525 1117; baseline 0.003 -30"><span class='ocrx_word' id='word_1_61' title='bbox 387 1030 665 1092; x_wconf 87' lang='lat' dir='ltr'><strong>berorum</strong></span> <span class='ocrx_word' id='word_1_62' title='bbox 689 1048 1029 1096; x_wconf 87' lang='lat' dir='ltr'><strong>nostrorum</strong></span> <span class='ocrx_word' id='word_1_63' title='bbox 1054 1057 1249 1098; x_wconf 87' lang='lat' dir='ltr'><strong>mores</strong></span> <span class='ocrx_word' id='word_1_64' title='bbox 1273 1059 1399 1098; x_wconf 88' lang='lat' dir='ltr'><strong>non</strong></span> <span class='ocrx_word' id='word_1_65' title='bbox 1424 1039 1538 1117; x_wconf 79' lang='lat' dir='ltr'><strong>ipsi</strong></span> <span class='ocrx_word' id='word_1_66' title='bbox 1561 1038 1964 1116; x_wconf 82' lang='lat' dir='ltr'><strong>perderemus!</strong></span> <span class='ocrx_word' id='word_1_67' title='bbox 1993 1037 2304 1096; x_wconf 80' lang='lat' dir='ltr'><strong>Infantiam</strong></span> <span class='ocrx_word' id='word_1_68' title='bbox 2333 1034 2525 1094; x_wconf 80' lang='lat' dir='ltr'><strong>statim</strong></span> 
     </span>
     <span class='ocr_line' id='line_1_8' title="bbox 386 1137 2526 1220; baseline -0 -22"><span class='ocrx_word' id='word_1_69' title='bbox 386 1137 609 1198; x_wconf 80' lang='lat' dir='ltr'><strong>,deliciis</strong></span> <span class='ocrx_word' id='word_1_70' title='bbox 620 1140 898 1200; x_wconf 84' lang='lat' dir='ltr'><strong>solvimus</strong></span> <span class='ocrx_word' id='word_1_71' title='bbox 920 1145 1143 1202; x_wconf 83' lang='lat' dir='ltr'><strong>:mollis</strong></span> <span class='ocrx_word' id='word_1_72' title='bbox 1162 1145 1260 1202; x_wconf 79' lang='lat' dir='ltr'><strong>illa</strong></span> <span class='ocrx_word' id='word_1_73' title='bbox 1277 1145 1545 1204; x_wconf 76' lang='lat' dir='ltr'><strong>educatio</strong></span> <span class='ocrx_word' id='word_1_74' title='bbox 1557 1186 1576 1216; x_wconf 94' lang='lat'><strong>,</strong></span> <span class='ocrx_word' id='word_1_75' title='bbox 1598 1163 1772 1220; x_wconf 81' lang='lat' dir='ltr'><strong>quam</strong></span> <span class='ocrx_word' id='word_1_76' title='bbox 1793 1141 2218 1220; x_wconf 81' lang='lat' dir='ltr'><strong>indulgentiam</strong></span> <span class='ocrx_word' id='word_1_77' title='bbox 2233 1158 2526 1210; x_wconf 57' lang='lat' dir='ltr'><strong>vocamus,</strong></span> 
     </span>
     <span class='ocr_line' id='line_1_9' title="bbox 386 1247 2524 1327; baseline 0 -28"><span class='ocrx_word' id='word_1_78' title='bbox 386 1260 601 1303; x_wconf 81' lang='lat' dir='ltr'><strong>nervos</strong></span> <span class='ocrx_word' id='word_1_79' title='bbox 627 1264 827 1306; x_wconf 89' lang='lat' dir='ltr'><strong>omnes</strong></span> <span class='ocrx_word' id='word_1_80' title='bbox 853 1259 911 1306; x_wconf 89' lang='lat' dir='ltr'><strong>et</strong></span> <span class='ocrx_word' id='word_1_81' title='bbox 936 1249 1144 1308; x_wconf 83' lang='lat' dir='ltr'><strong>mentis</strong></span> <span class='ocrx_word' id='word_1_82' title='bbox 1174 1261 1233 1308; x_wconf 91' lang='lat' dir='ltr'><strong>et</strong></span> <span class='ocrx_word' id='word_1_83' title='bbox 1252 1250 1518 1327; x_wconf 85' lang='lat' dir='ltr'><strong>corporis</strong></span> <span class='ocrx_word' id='word_1_84' title='bbox 1547 1248 1778 1324; x_wconf 80' lang='lat' dir='ltr'><strong>frangit.</strong></span> <span class='ocrx_word' id='word_1_85' title='bbox 1808 1247 1968 1319; x_wconf 86' lang='lat' dir='ltr'><strong>Quid</strong></span> <span class='ocrx_word' id='word_1_86' title='bbox 1986 1265 2110 1305; x_wconf 92' lang='lat' dir='ltr'><strong>non</strong></span> <span class='ocrx_word' id='word_1_87' title='bbox 2131 1247 2360 1304; x_wconf 88' lang='lat' dir='ltr'><strong>adultus</strong></span> <span class='ocrx_word' id='word_1_88' title='bbox 2377 1262 2524 1301; x_wconf 90' lang='lat' dir='ltr'><strong>con-</strong></span> 
     </span>
     <span class='ocr_line' id='line_1_10' title="bbox 384 1349 2530 1431; baseline -0.004 -19"><span class='ocrx_word' id='word_1_89' title='bbox 384 1349 642 1423; x_wconf 80' lang='lat' dir='ltr'><strong>‚cupiscet</strong></span> <span class='ocrx_word' id='word_1_90' title='bbox 675 1352 867 1428; x_wconf 86' lang='lat' dir='ltr'><strong>quiin</strong></span> <span class='ocrx_word' id='word_1_91' title='bbox 888 1353 1159 1431; x_wconf 88' lang='lat' dir='ltr'><strong>purpuris</strong></span> <span class='ocrx_word' id='word_1_92' title='bbox 1183 1353 1371 1431; x_wconf 78' lang='lat' dir='ltr'><strong>repit?</strong></span> <span class='ocrx_word' id='word_1_93' title='bbox 1396 1395 1490 1413; x_wconf 91' lang='grc'><strong>.....</strong></span> <span class='ocrx_word' id='word_1_94' title='bbox 1500 1357 1629 1412; x_wconf 84' lang='lat' dir='ltr'><strong>Jam</strong></span> <span class='ocrx_word' id='word_1_95' title='bbox 1650 1372 1888 1411; x_wconf 88' lang='lat' dir='ltr'><strong>coccum</strong></span> <span class='ocrx_word' id='word_1_96' title='bbox 1913 1353 2214 1428; x_wconf 81' lang='lat' dir='ltr'><strong>intelligit,</strong></span> <span class='ocrx_word' id='word_1_97' title='bbox 2235 1349 2355 1424; x_wconf 81' lang='lat' dir='ltr'><strong>jam</strong></span> <span class='ocrx_word' id='word_1_98' title='bbox 2383 1366 2530 1406; x_wconf 87' lang='lat' dir='ltr'><strong>con·</strong></span> 
     </span>
     <span class='ocr_line' id='line_1_11' title="bbox 384 1453 2528 1536; baseline 0 -28"><span class='ocrx_word' id='word_1_99' title='bbox 384 1453 641 1530; x_wconf 68' lang='lat' dir='ltr'><strong>‚chylium</strong></span> <span class='ocrx_word' id='word_1_100' title='bbox 670 1459 875 1534; x_wconf 88' lang='lat' dir='ltr'><strong>poscit.</strong></span> <span class='ocrx_word' id='word_1_101' title='bbox 906 1461 1349 1530; x_wconf 78' lang='lat' dir='ltr'><strong>....Gaudemus,</strong></span> <span class='ocrx_word' id='word_1_102' title='bbox 1382 1459 1596 1536; x_wconf 80' lang='lat' dir='ltr'><strong>siquid</strong></span> <span class='ocrx_word' id='word_1_103' title='bbox 1620 1458 1883 1516; x_wconf 84' lang='lat' dir='ltr'><strong>licentius</strong></span> <span class='ocrx_word' id='word_1_104' title='bbox 1910 1457 2198 1528; x_wconf 81' lang='lat' dir='ltr'><strong>dixerint3</strong></span> <span class='ocrx_word' id='word_1_105' title='bbox 2220 1454 2426 1524; x_wconf 76' lang='lat' dir='ltr'><strong>verba,</strong></span> <span class='ocrx_word' id='word_1_106' title='bbox 2450 1471 2528 1509; x_wconf 91' lang='lat' dir='ltr'><strong>ne</strong></span> 
     </span>
     <span class='ocr_line' id='line_1_12' title="bbox 388 1556 2530 1641; baseline -0.001 -25"><span class='ocrx_word' id='word_1_107' title='bbox 388 1561 793 1620; x_wconf 78' lang='lat' dir='ltr'><strong>Alexandrinis</strong></span> <span class='ocrx_word' id='word_1_108' title='bbox 829 1563 1064 1640; x_wconf 87' lang='lat' dir='ltr'><strong>quidem</strong></span> <span class='ocrx_word' id='word_1_109' title='bbox 1105 1564 1492 1641; x_wconf 78' lang='lat' dir='ltr'><strong>pemittenda</strong></span> <span class='ocrx_word' id='word_1_110' title='bbox 1545 1562 1764 1621; x_wconf 86' lang='lat' dir='ltr'><strong>deliciis</strong></span> <span class='ocrx_word' id='word_1_111' title='bbox 1786 1603 1804 1634; x_wconf 88' lang='lat'><strong>,</strong></span> <span class='ocrx_word' id='word_1_112' title='bbox 1857 1562 1979 1622; x_wconf 86' lang='lat' dir='ltr'><strong>risu</strong></span> <span class='ocrx_word' id='word_1_113' title='bbox 2024 1573 2084 1620; x_wconf 88' lang='lat' dir='ltr'><strong>et</strong></span> <span class='ocrx_word' id='word_1_114' title='bbox 2127 1561 2325 1618; x_wconf 89' lang='lat' dir='ltr'><strong>osculo</strong></span> <span class='ocrx_word' id='word_1_115' title='bbox 2373 1556 2530 1616; x_wconf 83' lang='lat' dir='ltr'><strong>exci-</strong></span> 
     </span>
     <span class='ocr_line' id='line_1_13' title="bbox 388 1661 2529 1741; baseline -0.004 -15"><span class='ocrx_word' id='word_1_116' title='bbox 388 1661 593 1738; x_wconf 76' lang='lat' dir='ltr'><strong>pimus.</strong></span> <span class='ocrx_word' id='word_1_117' title='bbox 641 1669 763 1736; x_wconf 76' lang='lat' dir='ltr'><strong>Nec</strong></span> <span class='ocrx_word' id='word_1_118' title='bbox 802 1669 1053 1741; x_wconf 81' lang='lat' dir='ltr'><strong>mirum3</strong></span> <span class='ocrx_word' id='word_1_119' title='bbox 1091 1687 1201 1726; x_wconf 89' lang='lat' dir='ltr'><strong>nos</strong></span> <span class='ocrx_word' id='word_1_120' title='bbox 1240 1668 1542 1726; x_wconf 84' lang='lat' dir='ltr'><strong>docuimus</strong></span> <span class='ocrx_word' id='word_1_121' title='bbox 1563 1710 1582 1740; x_wconf 92' lang='lat'><strong>,</strong></span> <span class='ocrx_word' id='word_1_122' title='bbox 1621 1687 1696 1726; x_wconf 82' lang='lat' dir='ltr'><strong>ex</strong></span> <span class='ocrx_word' id='word_1_123' title='bbox 1726 1668 1898 1725; x_wconf 83' lang='lat' dir='ltr'><strong>nobis</strong></span> <span class='ocrx_word' id='word_1_124' title='bbox 1931 1667 2258 1724; x_wconf 81' lang='lat' dir='ltr'><strong>audierunt.</strong></span> <span class='ocrx_word' id='word_1_125' title='bbox 2288 1664 2529 1721; x_wconf 85' lang='lat' dir='ltr'><strong>Nostras</strong></span> 
     </span>
     <span class='ocr_line' id='line_1_14' title="bbox 388 1768 2528 1845; baseline -0 -22"><span class='ocrx_word' id='word_1_126' title='bbox 388 1769 625 1841; x_wconf 80' lang='lat' dir='ltr'><strong>amicas,</strong></span> <span class='ocrx_word' id='word_1_127' title='bbox 642 1783 877 1831; x_wconf 78' lang='lat' dir='ltr'><strong>nostros</strong></span> <span class='ocrx_word' id='word_1_128' title='bbox 898 1774 1253 1832; x_wconf 83' lang='lat' dir='ltr'><strong>concubinos</strong></span> <span class='ocrx_word' id='word_1_129' title='bbox 1270 1775 1498 1845; x_wconf 77' lang='lat' dir='ltr'><strong>vident,</strong></span> <span class='ocrx_word' id='word_1_130' title='bbox 1534 1793 1709 1831; x_wconf 88' lang='lat' dir='ltr'><strong>omne</strong></span> <span class='ocrx_word' id='word_1_131' title='bbox 1735 1772 2068 1831; x_wconf 76' lang='lat' dir='ltr'><strong>convivium</strong></span> <span class='ocrx_word' id='word_1_132' title='bbox 2090 1768 2372 1829; x_wconf 87' lang='lat' dir='ltr'><strong>obscoenis</strong></span> <span class='ocrx_word' id='word_1_133' title='bbox 2393 1785 2528 1824; x_wconf 89' lang='lat' dir='ltr'><strong>can-</strong></span> 
     </span>
     <span class='ocr_line' id='line_1_15' title="bbox 388 1869 2530 1956; baseline 0 -28"><span class='ocrx_word' id='word_1_134' title='bbox 388 1872 519 1932; x_wconf 88' lang='lat' dir='ltr'><strong>ticis</strong></span> <span class='ocrx_word' id='word_1_135' title='bbox 560 1877 801 1953; x_wconf 88' lang='lat' dir='ltr'><strong>strepit,</strong></span> <span class='ocrx_word' id='word_1_136' title='bbox 843 1880 1116 1954; x_wconf 81' lang='lat' dir='ltr'><strong>pudenda</strong></span> <span class='ocrx_word' id='word_1_137' title='bbox 1158 1881 1319 1939; x_wconf 90' lang='lat' dir='ltr'><strong>dictu</strong></span> <span class='ocrx_word' id='word_1_138' title='bbox 1357 1889 1703 1956; x_wconf 78' lang='lat' dir='ltr'><strong>spectantur.</strong></span> <span class='ocrx_word' id='word_1_139' title='bbox 1755 1877 1850 1934; x_wconf 87' lang='lat' dir='ltr'><strong>Fit</strong></span> <span class='ocrx_word' id='word_1_140' title='bbox 1889 1893 1960 1933; x_wconf 82' lang='lat' dir='ltr'><strong>ex</strong></span> <span class='ocrx_word' id='word_1_141' title='bbox 1999 1875 2090 1932; x_wconf 87' lang='lat' dir='ltr'><strong>his</strong></span> <span class='ocrx_word' id='word_1_142' title='bbox 2141 1869 2530 1942; x_wconf 82' lang='lat' dir='ltr'><strong>consuetudo,</strong></span> 
     </span>
     <span class='ocr_line' id='line_1_16' title="bbox 390 1978 2527 2060; baseline -0.001 -24"><span class='ocrx_word' id='word_1_143' title='bbox 390 1980 603 2040; x_wconf 83' lang='lat' dir='ltr'><strong>deinde</strong></span> <span class='ocrx_word' id='word_1_144' title='bbox 626 1995 847 2042; x_wconf 84' lang='lat' dir='ltr'><strong>natura.</strong></span> <span class='ocrx_word' id='word_1_145' title='bbox 872 1987 1117 2044; x_wconf 83' lang='lat' dir='ltr'><strong>Discunt</strong></span> <span class='ocrx_word' id='word_1_146' title='bbox 1128 1987 1253 2044; x_wconf 79' lang='lat' dir='ltr'><strong>haec</strong></span> <span class='ocrx_word' id='word_1_147' title='bbox 1270 1985 1494 2057; x_wconf 87' lang='lat' dir='ltr'><strong>miseri,</strong></span> <span class='ocrx_word' id='word_1_148' title='bbox 1508 1995 1642 2043; x_wconf 86' lang='lat' dir='ltr'><strong>ante</strong></span> <span class='ocrx_word' id='word_1_149' title='bbox 1665 2003 1836 2060; x_wconf 87' lang='lat' dir='ltr'><strong>quam</strong></span> <span class='ocrx_word' id='word_1_150' title='bbox 1859 1982 2042 2040; x_wconf 86' lang='lat' dir='ltr'><strong>sciant</strong></span> <span class='ocrx_word' id='word_1_151' title='bbox 2055 1980 2194 2038; x_wconf 76' lang='lat' dir='ltr'><strong>vitia</strong></span> <span class='ocrx_word' id='word_1_152' title='bbox 2213 1998 2334 2037; x_wconf 88' lang='lat' dir='ltr'><strong>esse</strong></span> <span class='ocrx_word' id='word_1_153' title='bbox 2353 2001 2367 2036; x_wconf 92' lang='lat'>:</span> <span class='ocrx_word' id='word_1_154' title='bbox 2389 1978 2527 2035; x_wconf 88' lang='lat' dir='ltr'><strong>inde</strong></span> 
     </span>
     <span class='ocr_line' id='line_1_17' title="bbox 395 2082 2526 2166; baseline -0.002 -25"><span class='ocrx_word' id='word_1_155' title='bbox 395 2086 571 2142; x_wconf 89' lang='lat' dir='ltr'><strong>soluti</strong></span> <span class='ocrx_word' id='word_1_156' title='bbox 608 2107 675 2144; x_wconf 85' lang='lat' dir='ltr'><strong>ac</strong></span> <span class='ocrx_word' id='word_1_157' title='bbox 704 2088 947 2150; x_wconf 82' lang='lat' dir='ltr'><strong>fluentes</strong></span> <span class='ocrx_word' id='word_1_158' title='bbox 971 2109 1095 2148; x_wconf 87' lang='lat' dir='ltr'><strong>non</strong></span> <span class='ocrx_word' id='word_1_159' title='bbox 1129 2090 1419 2166; x_wconf 77' lang='lat' dir='ltr'><strong>accipiunt</strong></span> <span class='ocrx_word' id='word_1_160' title='bbox 1444 2109 1477 2147; x_wconf 92' lang='lat' dir='ltr'><strong>e</strong></span> <span class='ocrx_word' id='word_1_161' title='bbox 1500 2090 1712 2148; x_wconf 84' lang='lat' dir='ltr'><strong>scholis</strong></span> <span class='ocrx_word' id='word_1_162' title='bbox 1735 2091 1882 2146; x_wconf 85' lang='lat' dir='ltr'><strong>mnla</strong></span> <span class='ocrx_word' id='word_1_163' title='bbox 1905 2088 2046 2159; x_wconf 86' lang='lat' dir='ltr'><strong>ista,</strong></span> <span class='ocrx_word' id='word_1_164' title='bbox 2078 2086 2181 2144; x_wconf 85' lang='lat' dir='ltr'><strong>sed</strong></span> <span class='ocrx_word' id='word_1_165' title='bbox 2211 2086 2272 2141; x_wconf 92' lang='lat' dir='ltr'><strong>in</strong></span> <span class='ocrx_word' id='word_1_166' title='bbox 2303 2082 2526 2141; x_wconf 87' lang='lat' dir='ltr'><strong>scholas</strong></span> 
     </span>
     <span class='ocr_line' id='line_1_18' title="bbox 388 2189 2524 2265; baseline -0.007 -5"><span class='ocrx_word' id='word_1_167' title='bbox 388 2190 671 2262; x_wconf 50' lang='lat' dir='ltr'><strong>efferunt,</strong></span> <span class='ocrx_word' id='word_1_168' title='bbox 695 2205 801 2252; x_wconf 90' lang='lat' dir='ltr'><strong>etc.</strong></span> <span class='ocrx_word' id='word_1_169' title='bbox 816 2219 841 2248; x_wconf 69' lang='grc' dir='ltr'>υ</span> <span class='ocrx_word' id='word_1_170' title='bbox 870 2198 1037 2254; x_wconf 81' lang='lat' dir='ltr'><strong>Notae</strong></span> <span class='ocrx_word' id='word_1_171' title='bbox 1059 2197 1376 2256; x_wconf 80' lang='lat' dir='ltr'><strong>Achaintrii</strong></span> <span class='ocrx_word' id='word_1_172' title='bbox 1406 2207 1544 2254; x_wconf 87' lang='lat' dir='ltr'><strong>sunt</strong></span> <span class='ocrx_word' id='word_1_173' title='bbox 1562 2197 1687 2252; x_wconf 74' lang='lat' dir='ltr'><strong>haez</strong></span> <span class='ocrx_word' id='word_1_174' title='bbox 1715 2219 1739 2244; x_wconf 74' lang='grc' dir='ltr'><strong>α</strong></span> <span class='ocrx_word' id='word_1_175' title='bbox 1756 2197 1931 2251; x_wconf 89' lang='lat' dir='ltr'><strong>Poeta</strong></span> <span class='ocrx_word' id='word_1_176' title='bbox 1959 2191 2211 2250; x_wconf 81' lang='lat' dir='ltr'><strong>ostendit</strong></span> <span class='ocrx_word' id='word_1_177' title='bbox 2235 2209 2406 2265; x_wconf 88' lang='lat' dir='ltr'><strong>supra</strong></span> <span class='ocrx_word' id='word_1_178' title='bbox 2434 2189 2524 2258; x_wconf 91' lang='lat'><strong>11,</strong></span> 
     </span>
     <span class='ocr_line' id='line_1_19' title="bbox 396 2293 2526 2376; baseline -0.009 -10"><span class='ocrx_word' id='word_1_179' title='bbox 396 2293 509 2352; x_wconf 68' lang='lat'><strong>²6⁶</strong></span> <span class='ocrx_word' id='word_1_180' title='bbox 524 2337 543 2365; x_wconf 75' lang='lat'><em>2</em></span> <span class='ocrx_word' id='word_1_181' title='bbox 562 2307 623 2354; x_wconf 73' lang='lat' dir='ltr'><strong>et</strong></span> <span class='ocrx_word' id='word_1_182' title='bbox 643 2299 756 2370; x_wconf 85' lang='lat' dir='ltr'><strong>VI,</strong></span> <span class='ocrx_word' id='word_1_183' title='bbox 788 2297 929 2371; x_wconf 84' lang='lat'><strong>617,</strong></span> <span class='ocrx_word' id='word_1_184' title='bbox 953 2319 1126 2376; x_wconf 86' lang='lat' dir='ltr'><strong>quam</strong></span> <span class='ocrx_word' id='word_1_185' title='bbox 1151 2300 1394 2376; x_wconf 84' lang='lat' dir='ltr'><strong>pessima</strong></span> <span class='ocrx_word' id='word_1_186' title='bbox 1422 2297 1503 2376; x_wconf 79' lang='lat' dir='ltr'><strong>(l)</strong></span> <span class='ocrx_word' id='word_1_187' title='bbox 1523 2298 1744 2356; x_wconf 86' lang='lat' dir='ltr'><strong>fuerint</strong></span> <span class='ocrx_word' id='word_1_188' title='bbox 1763 2295 2138 2365; x_wconf 84' lang='lat' dir='ltr'><strong>commercia,</strong></span> <span class='ocrx_word' id='word_1_189' title='bbox 2167 2303 2226 2350; x_wconf 89' lang='lat' dir='ltr'><strong>et</strong></span> <span class='ocrx_word' id='word_1_190' title='bbox 2249 2302 2526 2369; x_wconf 85' lang='lat' dir='ltr'><strong>quantum</strong></span> 
     </span>
     <span class='ocr_line' id='line_1_20' title="bbox 387 2401 2528 2480; baseline -0.002 -22"><span class='ocrx_word' id='word_1_191' title='bbox 387 2411 667 2458; x_wconf 82' lang='lat' dir='ltr'><strong>nocerent</strong></span> <span class='ocrx_word' id='word_1_192' title='bbox 688 2403 1020 2479; x_wconf 70' lang='lat' dir='ltr'><strong>reipublicae</strong></span> <span class='ocrx_word' id='word_1_193' title='bbox 1035 2405 1481 2480; x_wconf 78' lang='lat' dir='ltr'><strong>Imperatorum,</strong></span> <span class='ocrx_word' id='word_1_194' title='bbox 1502 2421 1708 2478; x_wconf 80' lang='lat' dir='ltr'><strong>regum</strong></span> <span class='ocrx_word' id='word_1_195' title='bbox 1725 2421 1790 2459; x_wconf 77' lang='lat' dir='ltr'><strong>nc</strong></span> <span class='ocrx_word' id='word_1_196' title='bbox 1811 2401 2014 2478; x_wconf 89' lang='lat' dir='ltr'><strong>populi</strong></span> <span class='ocrx_word' id='word_1_197' title='bbox 2034 2401 2361 2475; x_wconf 88' lang='lat' dir='ltr'><strong>primorum</strong></span> <span class='ocrx_word' id='word_1_198' title='bbox 2391 2414 2496 2455; x_wconf 91' lang='lat' dir='ltr'><strong>cor</strong></span> <span class='ocrx_word' id='word_1_199' title='bbox 2509 2429 2528 2439; x_wconf 93' lang='lat'><strong>·</strong></span> 
     </span>
     <span class='ocr_line' id='line_1_21' title="bbox 391 2500 2527 2583; baseline -0.002 -21"><span class='ocrx_word' id='word_1_200' title='bbox 391 2505 550 2580; x_wconf 87' lang='lat' dir='ltr'><strong>rupti</strong></span> <span class='ocrx_word' id='word_1_201' title='bbox 574 2526 783 2566; x_wconf 74' lang='lat' dir='ltr'><strong>mores.</strong></span> <span class='ocrx_word' id='word_1_202' title='bbox 810 2509 981 2566; x_wconf 83' lang='lat' dir='ltr'><strong>Nunc</strong></span> <span class='ocrx_word' id='word_1_203' title='bbox 1012 2508 1401 2579; x_wconf 83' lang='lat' dir='ltr'><strong>demonstrat,</strong></span> <span class='ocrx_word' id='word_1_204' title='bbox 1438 2507 1642 2583; x_wconf 77' lang='lat' dir='ltr'><strong>quanti</strong></span> <span class='ocrx_word' id='word_1_205' title='bbox 1677 2505 1794 2564; x_wconf 88' lang='lat' dir='ltr'><strong>sint</strong></span> <span class='ocrx_word' id='word_1_206' title='bbox 1818 2504 2096 2581; x_wconf 86' lang='lat' dir='ltr'><strong>ponderis</strong></span> <span class='ocrx_word' id='word_1_207' title='bbox 2126 2503 2384 2576; x_wconf 86' lang='lat' dir='ltr'><strong>exempla</strong></span> <span class='ocrx_word' id='word_1_208' title='bbox 2416 2500 2527 2558; x_wconf 91' lang='lat' dir='ltr'><strong>do-</strong></span> 
     </span>
     <span class='ocr_line' id='line_1_22' title="bbox 389 2605 2526 2687; baseline -0.003 -21"><span class='ocrx_word' id='word_1_209' title='bbox 389 2610 619 2668; x_wconf 86' lang='lat' dir='ltr'><strong>mestica</strong></span> <span class='ocrx_word' id='word_1_210' title='bbox 634 2652 655 2685; x_wconf 92' lang='lat'><strong>,</strong></span> <span class='ocrx_word' id='word_1_211' title='bbox 705 2630 835 2686; x_wconf 78' lang='lat' dir='ltr'><strong>quae</strong></span> <span class='ocrx_word' id='word_1_212' title='bbox 867 2631 934 2670; x_wconf 93' lang='lat' dir='ltr'><strong>re</strong></span> <span class='ocrx_word' id='word_1_213' title='bbox 974 2611 1099 2687; x_wconf 84' lang='lat' dir='ltr'><strong>ipsa</strong></span> <span class='ocrx_word' id='word_1_214' title='bbox 1126 2630 1359 2668; x_wconf 89' lang='lat' dir='ltr'><strong>morum</strong></span> <span class='ocrx_word' id='word_1_215' title='bbox 1390 2611 1766 2687; x_wconf 87' lang='lat' dir='ltr'><strong>publicorum</strong></span> <span class='ocrx_word' id='word_1_216' title='bbox 1795 2619 1932 2667; x_wconf 88' lang='lat' dir='ltr'><strong>sunt</strong></span> <span class='ocrx_word' id='word_1_217' title='bbox 1967 2606 2284 2664; x_wconf 83' lang='lat' dir='ltr'><strong>certissima</strong></span> <span class='ocrx_word' id='word_1_218' title='bbox 2315 2605 2526 2660; x_wconf 84' lang='lat' dir='ltr'><strong>funda-</strong></span> 
     </span>
     <span class='ocr_line' id='line_1_23' title="bbox 384 2707 2526 2790; baseline -0.005 -16"><span class='ocrx_word' id='word_1_219' title='bbox 384 2723 601 2774; x_wconf 79' lang='lat' dir='ltr'><strong>menta.</strong></span> <span class='ocrx_word' id='word_1_220' title='bbox 636 2716 908 2770; x_wconf 66' lang='lat' dir='ltr'><strong>Dusaulae</strong></span> <span class='ocrx_word' id='word_1_221' title='bbox 934 2724 1119 2790; x_wconf 77' lang='lat' dir='ltr'><strong>poetae</strong></span> <span class='ocrx_word' id='word_1_222' title='bbox 1140 2726 1347 2772; x_wconf 84' lang='lat' dir='ltr'><strong>nostro</strong></span> <span class='ocrx_word' id='word_1_223' title='bbox 1387 2713 1617 2787; x_wconf 83' lang='lat' dir='ltr'><strong>objicit,</strong></span> <span class='ocrx_word' id='word_1_224' title='bbox 1654 2711 1816 2786; x_wconf 87' lang='lat' dir='ltr'><strong>quod</strong></span> <span class='ocrx_word' id='word_1_225' title='bbox 1841 2711 2090 2785; x_wconf 85' lang='lat' dir='ltr'><strong>abrupta</strong></span> <span class='ocrx_word' id='word_1_226' title='bbox 2117 2709 2290 2765; x_wconf 88' lang='lat' dir='ltr'><strong>nimis</strong></span> <span class='ocrx_word' id='word_1_227' title='bbox 2317 2707 2526 2764; x_wconf 88' lang='lat' dir='ltr'><strong>transi-</strong></span> 
     </span>
     <span class='ocr_line' id='line_1_24' title="bbox 386 2811 2526 2893; baseline -0.003 -20"><span class='ocrx_word' id='word_1_228' title='bbox 386 2817 550 2874; x_wconf 85' lang='lat' dir='ltr'><strong>tione</strong></span> <span class='ocrx_word' id='word_1_229' title='bbox 574 2816 649 2873; x_wconf 88' lang='lat' dir='ltr'><strong>ad</strong></span> <span class='ocrx_word' id='word_1_230' title='bbox 674 2815 833 2874; x_wconf 87' lang='lat' dir='ltr'><strong>aliud</strong></span> <span class='ocrx_word' id='word_1_231' title='bbox 862 2827 1261 2893; x_wconf 82' lang='lat' dir='ltr'><strong>argumentum</strong></span> <span class='ocrx_word' id='word_1_232' title='bbox 1277 2859 1296 2890; x_wconf 92' lang='lat'><strong>,</strong></span> <span class='ocrx_word' id='word_1_233' title='bbox 1325 2817 1544 2875; x_wconf 83' lang='lat' dir='ltr'><strong>scilicet</strong></span> <span class='ocrx_word' id='word_1_234' title='bbox 1567 2816 1643 2873; x_wconf 89' lang='lat' dir='ltr'><strong>ad</strong></span> <span class='ocrx_word' id='word_1_235' title='bbox 1667 2813 1965 2872; x_wconf 83' lang='lat' dir='ltr'><strong>avaritiam</strong></span> <span class='ocrx_word' id='word_1_236' title='bbox 1991 2812 2284 2870; x_wconf 81' lang='lat' dir='ltr'><strong>transierit</strong></span> <span class='ocrx_word' id='word_1_237' title='bbox 2309 2834 2322 2867; x_wconf 92' lang='lat'>:</span> <span class='ocrx_word' id='word_1_238' title='bbox 2346 2811 2526 2883; x_wconf 84' lang='lat' dir='ltr'><strong>male,</strong></span> 
     </span>
     <span class='ocr_line' id='line_1_25' title="bbox 390 2913 2528 2998; baseline -0.002 -23"><span class='ocrx_word' id='word_1_239' title='bbox 390 2931 597 2978; x_wconf 86' lang='lat' dir='ltr'><strong>nostro</strong></span> <span class='ocrx_word' id='word_1_240' title='bbox 615 2919 869 2993; x_wconf 80' lang='lat' dir='ltr'><strong>judici03</strong></span> <span class='ocrx_word' id='word_1_241' title='bbox 891 2938 1027 2976; x_wconf 82' lang='lat' dir='ltr'><strong>nam</strong></span> <span class='ocrx_word' id='word_1_242' title='bbox 1052 2930 1115 2977; x_wconf 91' lang='lat' dir='ltr'><strong>et</strong></span> <span class='ocrx_word' id='word_1_243' title='bbox 1135 2920 1201 2977; x_wconf 91' lang='lat' dir='ltr'><strong>id</strong></span> <span class='ocrx_word' id='word_1_244' title='bbox 1226 2939 1333 2978; x_wconf 89' lang='lat' dir='ltr'><strong>suo</strong></span> <span class='ocrx_word' id='word_1_245' title='bbox 1355 2918 1436 2998; x_wconf 78' lang='lat' dir='ltr'><strong>(l)</strong></span> <span class='ocrx_word' id='word_1_246' title='bbox 1461 2917 1700 2977; x_wconf 85' lang='lat' dir='ltr'><strong>themati</strong></span> <span class='ocrx_word' id='word_1_247' title='bbox 1720 2916 2119 2974; x_wconf 78' lang='lat' dir='ltr'><strong>conveniebat.</strong></span> <span class='ocrx_word' id='word_1_248' title='bbox 2148 2917 2236 2972; x_wconf 86' lang='lat' dir='ltr'><strong>Ex</strong></span> <span class='ocrx_word' id='word_1_249' title='bbox 2258 2913 2528 2972; x_wconf 87' lang='lat' dir='ltr'><strong>omnibns</strong></span> 
     </span>
     <span class='ocr_line' id='line_1_26' title="bbox 392 3017 2526 3102; baseline -0.004 -18"><span class='ocrx_word' id='word_1_250' title='bbox 392 3026 547 3084; x_wconf 87' lang='lat' dir='ltr'><strong>enim</strong></span> <span class='ocrx_word' id='word_1_251' title='bbox 565 3025 749 3094; x_wconf 77' lang='lat' dir='ltr'><strong>vitiis,</strong></span> <span class='ocrx_word' id='word_1_252' title='bbox 775 3025 849 3082; x_wconf 83' lang='lat' dir='ltr'><strong>ad</strong></span> <span class='ocrx_word' id='word_1_253' title='bbox 868 3025 1229 3084; x_wconf 78' lang='lat' dir='ltr'><strong>eversionem</strong></span> <span class='ocrx_word' id='word_1_254' title='bbox 1252 3024 1638 3102; x_wconf 88' lang='lat' dir='ltr'><strong>imperiorum</strong></span> <span class='ocrx_word' id='word_1_255' title='bbox 1657 3017 1992 3098; x_wconf 84' lang='lat' dir='ltr'><strong>aptissimis,</strong></span> <span class='ocrx_word' id='word_1_256' title='bbox 2018 3022 2246 3079; x_wconf 88' lang='lat' dir='ltr'><strong>nullum</strong></span> <span class='ocrx_word' id='word_1_257' title='bbox 2274 3019 2526 3096; x_wconf 85' lang='lat' dir='ltr'><strong>optimus</strong></span> 
     </span>
     <span class='ocr_line' id='line_1_27' title="bbox 382 3123 2530 3204; baseline -0.002 -18"><span class='ocrx_word' id='word_1_258' title='bbox 382 3129 487 3186; x_wconf 91' lang='lat' dir='ltr'><strong>ille</strong></span> <span class='ocrx_word' id='word_1_259' title='bbox 512 3129 604 3187; x_wconf 75' lang='lat' dir='ltr'><strong>vir</strong></span> <span class='ocrx_word' id='word_1_260' title='bbox 619 3127 916 3204; x_wconf 80' lang='lat' dir='ltr'><strong>judicabat</strong></span> <span class='ocrx_word' id='word_1_261' title='bbox 936 3129 1133 3204; x_wconf 79' lang='lat' dir='ltr'><strong>pejus,</strong></span> <span class='ocrx_word' id='word_1_262' title='bbox 1164 3140 1223 3186; x_wconf 91' lang='lat' dir='ltr'><strong>et</strong></span> <span class='ocrx_word' id='word_1_263' title='bbox 1238 3128 1546 3186; x_wconf 79' lang='lat' dir='ltr'><strong>vitandum</strong></span> <span class='ocrx_word' id='word_1_264' title='bbox 1571 3127 1752 3204; x_wconf 81' lang='lat' dir='ltr'><strong>magis</strong></span> <span class='ocrx_word' id='word_1_265' title='bbox 1772 3145 1946 3202; x_wconf 87' lang='lat' dir='ltr'><strong>quam</strong></span> <span class='ocrx_word' id='word_1_266' title='bbox 1963 3125 2290 3196; x_wconf 79' lang='lat' dir='ltr'><strong>avaritiam,</strong></span> <span class='ocrx_word' id='word_1_267' title='bbox 2311 3123 2530 3184; x_wconf 80' lang='lat' dir='ltr'><strong>scilicet</strong></span> 
     </span>
     <span class='ocr_line' id='line_1_28' title="bbox 392 3230 2527 3310; baseline -0.002 -19"><span class='ocrx_word' id='word_1_268' title='bbox 392 3234 763 3310; x_wconf 84' lang='lat' dir='ltr'><strong>cupiditatem</strong></span> <span class='ocrx_word' id='word_1_269' title='bbox 782 3233 1036 3292; x_wconf 86' lang='lat' dir='ltr'><strong>habendi</strong></span> <span class='ocrx_word' id='word_1_270' title='bbox 1052 3252 1161 3310; x_wconf 87' lang='lat' dir='ltr'><strong>per</strong></span> <span class='ocrx_word' id='word_1_271' title='bbox 1184 3235 1267 3292; x_wconf 80' lang='lat' dir='ltr'><strong>sas</strong></span> <span class='ocrx_word' id='word_1_272' title='bbox 1286 3245 1345 3294; x_wconf 89' lang='lat' dir='ltr'><strong>et</strong></span> <span class='ocrx_word' id='word_1_273' title='bbox 1361 3234 1536 3292; x_wconf 79' lang='lat' dir='ltr'><strong>nefas.</strong></span> <span class='ocrx_word' id='word_1_274' title='bbox 1558 3233 1747 3304; x_wconf 86' lang='lat' dir='ltr'><strong>Quam</strong></span> <span class='ocrx_word' id='word_1_275' title='bbox 1765 3230 1870 3308; x_wconf 84' lang='lat' dir='ltr'><strong>qui</strong></span> <span class='ocrx_word' id='word_1_276' title='bbox 1885 3231 1948 3288; x_wconf 88' lang='lat' dir='ltr'><strong>in</strong></span> <span class='ocrx_word' id='word_1_277' title='bbox 1969 3231 2190 3289; x_wconf 84' lang='lat' dir='ltr'><strong>animos</strong></span> <span class='ocrx_word' id='word_1_278' title='bbox 2209 3247 2527 3307; x_wconf 78' lang='lat' dir='ltr'><strong>puerorum</strong></span> 
     </span>
     <span class='ocr_line' id='line_1_29' title="bbox 392 3335 2530 3414; baseline -0 -21"><span class='ocrx_word' id='word_1_279' title='bbox 392 3337 639 3394; x_wconf 82' lang='lat' dir='ltr'><strong>insinuat</strong></span> <span class='ocrx_word' id='word_1_280' title='bbox 654 3380 674 3411; x_wconf 87' lang='lat'><strong>,</strong></span> <span class='ocrx_word' id='word_1_281' title='bbox 692 3337 741 3394; x_wconf 87' lang='lat' dir='ltr'><strong>is</strong></span> <span class='ocrx_word' id='word_1_282' title='bbox 762 3335 974 3394; x_wconf 87' lang='lat' dir='ltr'><strong>merito</strong></span> <span class='ocrx_word' id='word_1_283' title='bbox 994 3337 1195 3414; x_wconf 80' lang='lat' dir='ltr'><strong>patriae</strong></span> <span class='ocrx_word' id='word_1_284' title='bbox 1214 3338 1397 3395; x_wconf 86' lang='lat' dir='ltr'><strong>bostis</strong></span> <span class='ocrx_word' id='word_1_285' title='bbox 1418 3338 1594 3396; x_wconf 88' lang='lat' dir='ltr'><strong>debet</strong></span> <span class='ocrx_word' id='word_1_286' title='bbox 1612 3335 1832 3395; x_wconf 88' lang='lat' dir='ltr'><strong>baberi.</strong></span> <span class='ocrx_word' id='word_1_287' title='bbox 1864 3338 1944 3394; x_wconf 86' lang='lat' dir='ltr'><strong>Ea</strong></span> <span class='ocrx_word' id='word_1_288' title='bbox 1973 3337 2126 3394; x_wconf 88' lang='lat' dir='ltr'><strong>enim</strong></span> <span class='ocrx_word' id='word_1_289' title='bbox 2153 3336 2384 3412; x_wconf 86' lang='lat' dir='ltr'><strong>plebem</strong></span> <span class='ocrx_word' id='word_1_290' title='bbox 2402 3345 2530 3392; x_wconf 89' lang='lat' dir='ltr'><strong>tur-</strong></span> 
     </span>
     <span class='ocr_line' id='line_1_30' title="bbox 396 3441 2531 3519; baseline 0 -22"><span class='ocrx_word' id='word_1_291' title='bbox 396 3443 686 3500; x_wconf 84' lang='lat' dir='ltr'><strong>bulentam</strong></span> <span class='ocrx_word' id='word_1_292' title='bbox 702 3441 905 3515; x_wconf 84' lang='lat' dir='ltr'><strong>efficit,</strong></span> <span class='ocrx_word' id='word_1_293' title='bbox 931 3443 1086 3501; x_wconf 81' lang='lat' dir='ltr'><strong>cives</strong></span> <span class='ocrx_word' id='word_1_294' title='bbox 1108 3442 1403 3519; x_wconf 83' lang='lat' dir='ltr'><strong>inquietos</strong></span> <span class='ocrx_word' id='word_1_295' title='bbox 1423 3453 1482 3500; x_wconf 90' lang='lat' dir='ltr'><strong>et</strong></span> <span class='ocrx_word' id='word_1_296' title='bbox 1510 3461 1799 3500; x_wconf 79' lang='lat' dir='ltr'><strong>novarum</strong></span> <span class='ocrx_word' id='word_1_297' title='bbox 1829 3461 2027 3500; x_wconf 87' lang='lat' dir='ltr'><strong>rerum</strong></span> <span class='ocrx_word' id='word_1_298' title='bbox 2050 3441 2275 3512; x_wconf 79' lang='lat' dir='ltr'><strong>avidos,</strong></span> <span class='ocrx_word' id='word_1_299' title='bbox 2303 3459 2531 3498; x_wconf 88' lang='lat' dir='ltr'><strong>merca-</strong></span> 
     </span>
     <span class='ocr_line' id='line_1_31' title="bbox 395 3544 2533 3624; baseline -0 -21"><span class='ocrx_word' id='word_1_300' title='bbox 395 3558 553 3604; x_wconf 80' lang='lat' dir='ltr'><strong>tores</strong></span> <span class='ocrx_word' id='word_1_301' title='bbox 572 3565 829 3622; x_wconf 80' lang='lat' dir='ltr'><strong>rapaces,</strong></span> <span class='ocrx_word' id='word_1_302' title='bbox 850 3547 1074 3620; x_wconf 83' lang='lat' dir='ltr'><strong>judices</strong></span> <span class='ocrx_word' id='word_1_303' title='bbox 1102 3557 1439 3624; x_wconf 89' lang='lat' dir='ltr'><strong>corruptos,</strong></span> <span class='ocrx_word' id='word_1_304' title='bbox 1464 3547 1678 3604; x_wconf 82' lang='lat' dir='ltr'><strong>milites</strong></span> <span class='ocrx_word' id='word_1_305' title='bbox 1701 3545 1943 3619; x_wconf 83' lang='lat' dir='ltr'><strong>infidos,</strong></span> <span class='ocrx_word' id='word_1_306' title='bbox 1977 3546 2150 3602; x_wconf 83' lang='lat' dir='ltr'><strong>duces</strong></span> <span class='ocrx_word' id='word_1_307' title='bbox 2177 3544 2448 3621; x_wconf 68' lang='lat' dir='ltr'><strong>perjuros</strong></span> <span class='ocrx_word' id='word_1_308' title='bbox 2472 3556 2533 3602; x_wconf 91' lang='lat' dir='ltr'><strong>et</strong></span> 
     </span>
     <span class='ocr_line' id='line_1_32' title="bbox 394 3650 2531 3727; baseline -0.001 -18"><span class='ocrx_word' id='word_1_309' title='bbox 394 3651 475 3723; x_wconf 91' lang='lat' dir='ltr'><strong>ei,</strong></span> <span class='ocrx_word' id='word_1_310' title='bbox 502 3650 603 3727; x_wconf 88' lang='lat' dir='ltr'><strong>qui</strong></span> <span class='ocrx_word' id='word_1_311' title='bbox 626 3651 757 3726; x_wconf 86' lang='lat' dir='ltr'><strong>plus</strong></span> <span class='ocrx_word' id='word_1_312' title='bbox 785 3652 1123 3727; x_wconf 86' lang='lat' dir='ltr'><strong>pollicetur,</strong></span> <span class='ocrx_word' id='word_1_313' title='bbox 1154 3652 1335 3710; x_wconf 78' lang='lat' dir='ltr'><strong>vitam</strong></span> <span class='ocrx_word' id='word_1_314' title='bbox 1354 3672 1517 3710; x_wconf 84' lang='lat' dir='ltr'><strong>suam</strong></span> <span class='ocrx_word' id='word_1_315' title='bbox 1547 3652 1909 3724; x_wconf 88' lang='lat' dir='ltr'><strong>addicentes,</strong></span> <span class='ocrx_word' id='word_1_316' title='bbox 1933 3653 2320 3727; x_wconf 81' lang='lat' dir='ltr'><strong>Imperatores</strong></span> <span class='ocrx_word' id='word_1_317' title='bbox 2341 3651 2531 3708; x_wconf 86' lang='lat' dir='ltr'><strong>ambi-</strong></span> 
     </span>
     <span class='ocr_line' id='line_1_33' title="bbox 390 3753 2530 3834; baseline -0.001 -20"><span class='ocrx_word' id='word_1_318' title='bbox 390 3758 595 3828; x_wconf 83' lang='lat' dir='ltr'><strong>tiosos,</strong></span> <span class='ocrx_word' id='word_1_319' title='bbox 616 3757 983 3833; x_wconf 79' lang='lat' dir='ltr'><strong>spoliatores,</strong></span> <span class='ocrx_word' id='word_1_320' title='bbox 1004 3757 1429 3834; x_wconf 78' lang='lat' dir='ltr'><strong>depraedatores</strong></span> <span class='ocrx_word' id='word_1_321' title='bbox 1444 3800 1463 3830; x_wconf 93' lang='lat'><strong>,</strong></span> <span class='ocrx_word' id='word_1_322' title='bbox 1487 3757 1758 3816; x_wconf 89' lang='lat' dir='ltr'><strong>tribunos</strong></span> <span class='ocrx_word' id='word_1_323' title='bbox 1773 3755 2026 3831; x_wconf 86' lang='lat' dir='ltr'><strong>denique</strong></span> <span class='ocrx_word' id='word_1_324' title='bbox 2047 3755 2123 3812; x_wconf 86' lang='lat' dir='ltr'><strong>ad</strong></span> <span class='ocrx_word' id='word_1_325' title='bbox 2144 3753 2348 3830; x_wconf 89' lang='lat' dir='ltr'><strong>populi</strong></span> <span class='ocrx_word' id='word_1_326' title='bbox 2370 3763 2530 3812; x_wconf 90' lang='lat' dir='ltr'><strong>tute-</strong></span> 
     </span>
     <span class='ocr_line' id='line_1_34' title="bbox 390 3859 2532 3940; baseline -0.003 -19"><span class='ocrx_word' id='word_1_327' title='bbox 390 3865 502 3921; x_wconf 82' lang='lat' dir='ltr'><strong>lam</strong></span> <span class='ocrx_word' id='word_1_328' title='bbox 522 3863 815 3922; x_wconf 76' lang='lat' dir='ltr'><strong>institutos</strong></span> <span class='ocrx_word' id='word_1_329' title='bbox 842 3863 1069 3922; x_wconf 80' lang='lat' dir='ltr'><strong>venales</strong></span> <span class='ocrx_word' id='word_1_330' title='bbox 1083 3905 1101 3934; x_wconf 88' lang='lat'>‚</span> <span class='ocrx_word' id='word_1_331' title='bbox 1124 3865 1586 3940; x_wconf 75' lang='lat' dir='ltr'><strong>perturbatores,</strong></span> <span class='ocrx_word' id='word_1_332' title='bbox 1608 3861 1809 3938; x_wconf 82' lang='lat' dir='ltr'><strong>patriae</strong></span> <span class='ocrx_word' id='word_1_333' title='bbox 1836 3859 2158 3918; x_wconf 86' lang='lat' dir='ltr'><strong>defectores</strong></span> <span class='ocrx_word' id='word_1_334' title='bbox 2175 3901 2192 3928; x_wconf 84' lang='lat'>‚</span> <span class='ocrx_word' id='word_1_335' title='bbox 2213 3869 2272 3916; x_wconf 91' lang='lat' dir='ltr'><strong>et</strong></span> <span class='ocrx_word' id='word_1_336' title='bbox 2293 3878 2532 3934; x_wconf 87' lang='lat' dir='ltr'><strong>rempu-</strong></span> 
     </span>
     <span class='ocr_line' id='line_1_35' title="bbox 392 3963 2531 4046; baseline -0.002 -19"><span class='ocrx_word' id='word_1_337' title='bbox 392 3971 599 4028; x_wconf 82' lang='lat' dir='ltr'><strong>blicam</strong></span> <span class='ocrx_word' id='word_1_338' title='bbox 624 3979 874 4046; x_wconf 78' lang='lat' dir='ltr'><strong>tyranno</strong></span> <span class='ocrx_word' id='word_1_339' title='bbox 889 3969 1222 4027; x_wconf 79' lang='lat' dir='ltr'><strong>vendentes.</strong></span> <span class='ocrx_word' id='word_1_340' title='bbox 1250 3968 1421 4029; x_wconf 81' lang='lat' dir='ltr'><strong>Conf.</strong></span> <span class='ocrx_word' id='word_1_341' title='bbox 1440 3968 1611 4044; x_wconf 82' lang='lat' dir='ltr'><strong>Virg.</strong></span> <span class='ocrx_word' id='word_1_342' title='bbox 1636 3965 1862 4024; x_wconf 87' lang='lat' dir='ltr'><strong>AEneid.</strong></span> <span class='ocrx_word' id='word_1_343' title='bbox 1885 3967 1972 4021; x_wconf 81' lang='lat' dir='ltr'><strong>VI</strong></span> <span class='ocrx_word' id='word_1_344' title='bbox 1990 4008 2008 4039; x_wconf 90' lang='lat'><strong>,</strong></span> <span class='ocrx_word' id='word_1_345' title='bbox 2031 3967 2169 4036; x_wconf 82' lang='lat'><strong>621,</strong></span> <span class='ocrx_word' id='word_1_346' title='bbox 2191 3963 2330 4022; x_wconf 81' lang='lat'><em>622.</em></span> <span class='ocrx_word' id='word_1_347' title='bbox 2350 3967 2531 4022; x_wconf 85' lang='lat' dir='ltr'><strong>Recte</strong></span> 
     </span>
     <span class='ocr_line' id='line_1_36' title="bbox 391 4069 2532 4154; baseline -0.004 -22"><span class='ocrx_word' id='word_1_348' title='bbox 391 4075 571 4154; x_wconf 83' lang='lat' dir='ltr'><strong>igitur</strong></span> <span class='ocrx_word' id='word_1_349' title='bbox 612 4097 643 4132; x_wconf 82' lang='lat' dir='ltr'><strong>a</strong></span> <span class='ocrx_word' id='word_1_350' title='bbox 677 4095 765 4132; x_wconf 73' lang='lat' dir='ltr'><strong>vs.</strong></span> <span class='ocrx_word' id='word_1_351' title='bbox 811 4073 919 4132; x_wconf 89' lang='lat'><strong>106</strong></span> <span class='ocrx_word' id='word_1_352' title='bbox 952 4075 1243 4132; x_wconf 71' lang='lat' dir='ltr'><strong>luvenalis</strong></span> <span class='ocrx_word' id='word_1_353' title='bbox 1288 4075 1500 4131; x_wconf 81' lang='lat' dir='ltr'><strong>acriter</strong></span> <span class='ocrx_word' id='word_1_354' title='bbox 1528 4070 1825 4129; x_wconf 78' lang='lat' dir='ltr'><strong>invehitur</strong></span> <span class='ocrx_word' id='word_1_355' title='bbox 1851 4070 1916 4128; x_wconf 89' lang='lat' dir='ltr'><strong>in</strong></span> <span class='ocrx_word' id='word_1_356' title='bbox 1946 4069 2273 4140; x_wconf 78' lang='lat' dir='ltr'><strong>avaritiam,</strong></span> <span class='ocrx_word' id='word_1_357' title='bbox 2317 4069 2532 4144; x_wconf 88' lang='lat' dir='ltr'><strong>quippe</strong></span> 
     </span>
    </p>
   </div>
  </div>
 </body>
</html>
