3050 4884
829 382 934 447 IN
981 382 1440 447 SATIRAM
1487 382 1993 449 DECIMAM.
2048 430 2063 445 ,
2352 384 2477 450 133

343 488 538 544 domus
565 508 674 545 sua
699 489 934 545 dedecus
955 493 1092 547 scire
1111 493 1348 564 potuiset
1361 531 1378 559 ,
1399 512 1480 547 vs.
1504 495 1609 557 342
1622 532 1639 559 ,
1670 493 1717 546 si
1742 494 1855 565 ipse
1870 494 2010 549 inter
2030 494 2325 566 signatores
2340 534 2356 563 ,
2378 497 2485 549 hoc

341 586 608 642 praetextu
627 575 792 627 allato
817 574 1107 641 adfuisset3
1129 575 1264 629 Ach.

414 732 547 779 Vsa.
587 732 704 793 337.
742 732 974 792 Putabis,
997 742 1063 795 47
1086 768 1100 792 ,
1129 734 1226 793 54,
1256 732 1340 780 58.

409 824 548 877 Nor.
587 826 690 895 337
732 845 850 899 sqq.
889 825 1054 879 Poeta
1083 826 1260 897 ipsum
1287 824 1582 897 alloquitur
1614 825 1823 879 silium.
1864 857 1933 869 —-
1972 832 2043 879 Ta
2066 830 2285 897 putabas
2318 828 2481 890 sorte,

342 906 458 959 haec
481 906 714 963 Claudio
741 911 940 981 Imper.
973 908 1157 962 futura
1184 926 1296 961 esse
1319 925 1334 961 ε
1363 907 1457 963 sed
1479 910 1806 976 Messalina,
1840 931 1953 967 uon
1986 925 2237 967 contenta
2272 912 2485 968 furtivis

342 988 654 1057 adulteriis,
694 1005 748 1045 et
774 1010 960 1045 secura
986 992 1057 1044 ob
1091 1004 1364 1064 stuporem
1401 992 1612 1057 mariti,
1646 994 1827 1065 palam
1861 1013 1925 1047 ac
1951 998 2188 1065 legitime,
2227 994 2487 1049 adhibitis

340 1075 550 1129 scilicet
562 1077 918 1144 signatoribus
935 1077 1247 1131 tabularum
1265 1076 1432 1139 dotis,
1445 1076 1682 1148 auspice,
1702 1089 1803 1131 etc.
1820 1080 1967 1151 justa
1984 1091 2039 1132 et
2056 1090 2250 1131 cuncta
2266 1078 2485 1150 nuptia·

341 1176 464 1212 rum
489 1160 732 1213 solennia
754 1160 1026 1215 celebrare
1047 1160 1220 1215 voluit
1237 1200 1250 1223 ,
1272 1178 1336 1213 ac
1361 1161 1671 1214 celebravit.
1718 1164 1909 1235 Itaque
1936 1181 2080 1217 nuuc
2105 1165 2213 1223 die,
2239 1164 2489 1230 quidplu-

343 1256 456 1293 σθαι
479 1243 576 1296 tibi
595 1284 611 1308 ,
648 1242 959 1297 dicturusne
980 1242 1052 1297 sis
1071 1242 1417 1297 Messalinam
1437 1262 1659 1296 uxorem
1674 1280 1693 1309 ,
1714 1244 1917 1297 necne?
1938 1275 2009 1285 -
2026 1246 2142 1295 Nisi
2150 1264 2327 1312 pant-e
2344 1247 2491 1307 velis,
2592 1304 2599 1311 .

341 1339 394 1379 et
421 1327 646 1399 obsequi
671 1328 862 1381 insano
889 1327 1062 1381 amori
1079 1345 1144 1381 ac
1167 1327 1437 1379 voluntati
1461 1327 1795 1393 Messalinae,
1820 1346 1940 1400 quoe
1968 1329 2149 1399 palam
2173 1340 2227 1381 et
2251 1328 2489 1398 legitime

342 1409 462 1462 vult
491 1411 724 1477 nubere,
755 1413 1062 1478 per-eundum
1096 1409 1198 1462 tibi
1225 1424 1300 1461 ese
1334 1424 1452 1461 aneo
1483 1414 1732 1477 lucemus,
1762 1411 2055 1479 λυκναψίοιν,
2080 1424 2369 1482 autequam
2402 1429 2491 1463 ac-

345 1491 506 1545 cendi
539 1493 713 1547 solent
739 1494 1000 1559 lucernas,
1032 1493 1140 1547 hoc
1174 1506 1278 1556 est,
1315 1504 1440 1545 ante
1473 1510 1776 1565 vesperam,
1814 1494 2123 1557 confestim,
2150 1495 2303 1567 jussu
2342 1492 2491 1545 irato

343 1574 554 1629 femiuae
573 1596 586 1631 :
608 1580 655 1629 si
671 1591 852 1631 autem
874 1580 1028 1627 scelus
1047 1579 1298 1641 admittas,
1317 1574 1502 1647 palam
1521 1594 1588 1629 uc
1608 1575 1845 1647 legitime
1862 1594 1981 1629 eam
2005 1574 2220 1629 duxeris
2240 1592 2462 1627 uxorem
2474 1612 2489 1635 ‚

345 1662 540 1712 dabitur
562 1680 699 1711 mom
715 1664 928 1727 parvula
966 1660 1234 1731 supplicio
1263 1672 1358 1711 tuo
1377 1700 1394 1725 ‚
1417 1662 1533 1710 dum
1573 1680 1681 1721 res,
1722 1673 1822 1715 etc.
1858 1662 1965 1714 hoc
1988 1672 2099 1723 est,
2128 1659 2234 1735 ipsi
2258 1656 2489 1712 Claudio

343 1760 557 1813 poenam
581 1742 895 1797 temeritatis
919 1741 1243 1815 scelerisque
1265 1738 1449 1809 dabis,
1472 1760 1637 1813 quam
1658 1742 1895 1815 primum
1920 1762 2033 1798 rem
2058 1742 2394 1815 compererit.

413 1902 550 1951 Vsa.
593 1904 710 1969 339.
748 1904 844 1951 Est
861 1920 956 1969 pro
984 1902 1106 1965 erit,
1141 1920 1221 1965 rr,
1253 1912 1476 1965 14—17,
1511 1919 1592 1967 19,
1613 1920 1709 1965 20,
1736 1904 2215 1969 23-27,45-⁵o,
2244 1904 2326 1961 55,
2347 1901 2485 1963 57-

348 1984 412 2032 63
429 2021 444 2045 ,
468 1986 678 2051 65—69
694 2024 708 2049 ,
738 2004 823 2049 71,
847 2004 908 2049 72
925 2022 940 2047 ,
963 1988 1055 2049 73,
1081 1998 1132 2035 et
1147 1988 1374 2053 plerique
1394 1986 1555 2036 codd.
1577 1984 1733 2036 Paris.

417 2082 553 2131 Vsa.
592 2082 711 2139 341.
747 2085 960 2142 Aurem,
989 2091 1082 2141 14,
1113 2084 1195 2141 ιθ,
1214 2098 1403 2143 20,2x‚
1429 2098 1522 2143 22,
1545 2092 1628 2141 24.

417 2178 550 2226 Vn.
590 2178 710 2235 343.
747 2176 804 2225 si
827 2175 982 2238 tanti,
1009 2193 1030 2224 1
1047 2192 1092 2236 ι,
1117 2184 1346 2237 14-20,
1370 2176 1453 2237 23,
1481 2186 1547 2234 24
1564 2214 1579 2239 ,
1599 2182 1684 2238 25,
1708 2180 1808 2239 45,
1832 2189 1922 2243 49,
1952 2180 2187 2239 56-63,
2215 2179 2298 2234 65,
2318 2177 2405 2225 68.
2435 2176 2491 2225 δι’

347 2261 478 2309 canta·
501 2272 604 2321 est,
627 2278 716 2324 2⁴7,
739 2261 824 2322 46,
847 2270 934 2321 47,
966 2260 1058 2319 48,
1087 2258 1184 2317 50,
1215 2258 1314 2318 54,
1346 2258 1430 2318 55,
1455 2260 1647 2321 66,67,
1675 2272 1915 2323 ’yx—74,
1941 2280 2025 2324 77.
2048 2262 2167 2311 Nou
2192 2262 2345 2309 male!

417 2356 556 2407 Nor.
594 2352 890 2415 341-345.
923 2352 1068 2403 Bene
1088 2362 1250 2421 poeta
1266 2360 1424 2403 notat
1442 2363 1721 2421 stuporem
1741 2354 1959 2407 Claudii
1972 2391 1989 2417 ,
2016 2372 2081 2407 ac
2102 2354 2269 2407 facete
2294 2352 2485 2405 Silium

349 2439 623 2501 hortatur,
645 2449 708 2489 ut
731 2435 1034 2489 Messalina
1059 2432 1332 2487 desiderio
1355 2432 1669 2487 satisfaciat.
1692 2438 1788 2486 Res
1805 2450 1919 2489 nota
1947 2435 2051 2489 fuit
2068 2439 2178 2487 urbi
2194 2449 2241 2485 ee
2259 2438 2449 2503 populo
2467 2475 2484 2500 ,

347 2521 662 2593 priusquam
680 2521 882 2586 contigit
896 2519 1136 2584 principis
1154 2534 1317 2570 autes.
1346 2546 1417 2557 —
1445 2516 1548 2569 Ille
1561 2518 1795 2586 princeps,
1820 2522 2027 2570 dedecus
2048 2521 2219 2569 domus
2239 2520 2487 2587 Augusta

347 2610 570 2667 ultimus,
600 2615 874 2676 postremo
897 2600 1138 2653 omnium
1156 2637 1173 2665 ,
1195 2601 1314 2651 κίοι
1331 2595 1478 2667 (vide
1498 2600 1631 2652 Tac.
1659 2600 1847 2653 Annal.
1870 2601 1980 2662 xl,
2008 2600 2212 2653 28—32
2228 2601 2279 2667 ),
2299 2612 2353 2651 et
2374 2602 2493 2649 sciet

347 2701 560 2742 tautum
573 2723 590 2749 ,
625 2703 738 2737 non
759 2683 1082 2737 ulciscetur:
1111 2698 1238 2734 uam
1265 2682 1559 2735 Messalina
1582 2681 1859 2752 effugisset
1886 2700 2099 2753 ponam
2125 2682 2356 2742 sceleris,
2386 2682 2491 2733 uisi

347 2770 634 2825 Narcissus
661 2765 863 2819 cedem
889 2768 1006 2835 ejus
1031 2764 1429 2835 properavisset
1445 2762 1604 2831 (vide
1632 2764 1765 2817 Tac.
1796 2764 1986 2836 Annei.
2008 2765 2119 2828 xl,
2145 2767 2211 2833 37
2228 2804 2245 2829 ,
2270 2777 2323 2817 et
2348 2764 2491 2816 infra

349 2855 512 2917 XIV,
534 2850 682 2916 330).
695 2878 768 2889 —
787 2852 976 2899 laeena
989 2884 1008 2907 ‚
1037 2846 1172 2899 dum
1197 2863 1279 2899 res
1299 2846 1587 2901 temeraria
1606 2845 1677 2898 ad
1700 2846 1963 2917 principis
1984 2864 2139 2899 aures
2158 2848 2485 2917 pervenerit,

349 2954 427 2999 tu,
455 2936 580 3002 Sili,
607 2937 866 3001 obsequere
892 2932 1096 2999 imperio
1123 2941 1178 2982 et
1203 2926 1448 2999 cupidini
1473 2928 1805 3005 Messalino,
1835 2933 1901 2981 sit
1919 2929 2020 2982 tibi
2043 2934 2171 2981 tami
2194 2932 2352 3001 pretii
2373 2934 2487 2982 vita

350 3023 537 3071 άίεηιιη
554 3033 856 3085 pausemus,
891 3013 1000 3065 hoc
1025 3024 1134 3076 est,
1171 3010 1258 3064 fac
1281 3008 1451 3073 illud,
1480 3023 1541 3063 ut
1564 3023 1708 3065 certe
1727 3010 1935 3084 aliquot
1957 3011 2069 3066 dies
2086 3014 2253 3067 vitam
2282 3026 2489 3088 protra-

348 3102 448 3155 has
476 3118 636 3153 :nam
656 3098 700 3150 si
721 3114 912 3168 parere
931 3094 1213 3157 abnueris,
1242 3092 1512 3164 extemplo
1532 3095 1835 3148 Messalino
1857 3099 2009 3169 jussu
2036 3096 2135 3149 tihi
2154 3095 2489 3169 pereundum

349 3184 480 3249 erit;
497 3182 544 3235 si
557 3183 674 3254 ejus
687 3177 862 3233 amori
879 3196 942 3231 ac
967 3174 1236 3231 desiderio
1257 3175 1581 3231 satisfeceris
1593 3216 1608 3241 ,
1630 3179 1777 3233 vives
1794 3179 1979 3233 saltem
2006 3181 2211 3252 aliquot
2230 3181 2371 3243 dies,
2392 3179 2487 3233 do·

349 3284 450 3321 nec
473 3283 557 3318 res
575 3261 858 3333 contigerit
883 3260 1146 3333 principis
1162 3278 1343 3321 aures,
1373 3260 1467 3331 qui
1486 3260 1709 3316 ultimus
1727 3280 1849 3316 eam
1862 3262 2129 3317 resciscet.
2200 3302 2215 3313 .

419 3424 552 3473 Vsa.
593 3423 710 3478 344.
749 3420 920 3468 Levius
945 3416 1245 3481 meliusque,
1273 3432 1351 3478 xo,
1386 3428 1444 3475 ιι.
1465 3454 1480 3479 ,
1507 3420 1587 3479 15,
1623 3424 1701 3481 ιδ,
1740 3422 1833 3481 18,
1863 3424 1947 3481 25,
1978 3436 2063 3481 27,
2085 3422 2293 3478 46-50
2350 3422 2485 3478 54..-

353 3508 450 3565 63,
475 3506 711 3569 65-69,
733 3512 956 3565 71—74.
981 3501 1152 3549 Levius
1171 3500 1399 3549 meliusve
1415 3538 1432 3565 ,
1461 3518 1541 3565 19.

419 3600 560 3655 Nor.
599 3598 698 3661 344
712 3636 728 3661 ,
746 3596 867 3660 345.
903 3594 1298 3667 Quodcumque
1317 3595 1522 3666 ceperis
1540 3594 1853 3661 consilium,
1874 3597 1959 3651 vel
1982 3616 2331 3672 quacumque
2348 3600 2489 3654 ratio

353 3684 456 3739 tibi
483 3683 657 3737 levior
681 3681 978 3755 meliorque
1006 3679 1120 3733 visa
1143 3678 1336 3743 fuerit,
1358 3698 1504 3733 mors
1530 3679 1629 3731 tibi
1650 3692 1841 3751 parata
1856 3692 1965 3747 est,
1990 3682 2105 3737 sive
2119 3701 2152 3735 a
2172 3684 2461 3739 Messalina
2476 3725 2491 3749 ‚

353 3768 466 3823 sive
497 3784 530 3819 a
554 3762 806 3819 Claudio.

423 3864 568 3917 Nor.
607 3860 728 3924 345.
767 3858 924 3911 Cous.
951 3857 1083 3910 Tac.
1117 3856 1314 3910 Anusl.
1339 3857 1454 3920 xl,
1479 3854 1571 3919 35,
1606 3868 1660 3909 et
1683 3856 1821 3921 Dio,
1844 3856 1971 3921 LX,
2002 3860 2088 3912 31.
2124 3890 2195 3901 -—
2217 3864 2433 3913 Pulchra
2450 3876 2499 3913 et

357 3947 576 3998 eandida
601 3945 792 4007 eet-vix,
819 3959 938 4012 quas
963 3938 1320 4012 pulchritudo
1345 3938 1573 3992 exitialis
1595 3938 1699 3993 fuit
1724 3939 1889 4004 Silio,
1914 3955 1969 3995 et
1988 3941 2285 3997 immatura
2312 3942 2502 3997 mortis

359 4046 570 4083 caussa.

318 4108 330 4121 ⁸
423 4128 598 4178 Ausi..
639 4122 941 4187 346-366.
976 4122 1156 4174 Locus
1190 4119 1358 4191 plane
1397 4116 1648 4182 divinus,
1684 4120 2060 4194 omniumque,
2088 4140 2227 4195 quos
2247 4122 2499 4187 memini,
