3050 4884
851 377 1211 444 SATIRA
1255 381 1649 448 DECIMA
1690 384 2097 467 QUINTA.
2416 385 2540 474 377

397 489 1110 587 circumscriptorem,
1149 496 1340 590 cujus
1367 499 1708 567 manantia
1743 498 1911 568 fletu

395 599 538 698 Qra
563 601 893 696 puellares
921 602 1183 675 faciunt
1207 606 1464 676 ineerta
1491 606 1735 703 capilli.

393 709 674 780 Naturae
698 712 985 806 imperio
1014 716 1376 810 gemimus,
1404 741 1617 810 quum
1644 715 1850 786 funus
1880 714 2123 786 adultae

395 818 696 913 Virginis
729 825 1061 912 occurrit,
1097 823 1207 894 vel
1239 825 1422 895 terra
1448 822 1787 895 clauditur
1812 824 2037 895 infans

392 930 486 998 Et
508 929 730 999 minor
752 932 908 1027 igne
933 935 1080 1028 rogi
1111 959 1126 1002 τ
1155 935 1308 1030 quis
1334 937 1516 1004 enim
1540 936 1759 1006 bonus
1786 951 1855 1005 et
1874 935 2019 1006 face
2040 935 2282 1031 dignus
2334 951 2349 958 “
2446 966 2545 1015 140

391 1039 694 1130 Arcana,
729 1042 994 1136 qualem
1023 1047 1284 1116 Cereris
1307 1045 1455 1118 vult
1483 1070 1625 1116 esse
1646 1041 2019 1132 sacerdos,‘

393 1149 553 1220 Ulla
581 1150 801 1222 aliena
830 1155 957 1224 sibi
986 1155 1218 1226 credat
1245 1155 1460 1228 mala?
1491 1171 1756 1253 separat
1778 1157 1911 1226 hoc
1937 1180 2063 1225 nos

391 1261 456 1330 A
484 1286 683 1357 grege
711 1279 1099 1336 mutorum:
1138 1283 1340 1362 atque
1366 1266 1517 1339 ideo
1544 1263 1927 1337 venerabile
1955 1265 2079 1336 soli

392 1371 628 1442 Sortiti
655 1372 1038 1468 ingenium,
1072 1376 1601 1471 divinorumque
1630 1399 1939 1470 capaceS,

394 1482 621 1576 Atque
650 1486 1041 1556 exercendis
1077 1487 1564 1582 capiendisque
1599 1488 1857 1557 artibus
1884 1487 2024 1583 apti
2452 1495 2549 1558 1⁴⁵

398 1591 688 1661 Sensum
726 1617 767 1661 a
802 1594 1042 1665 caelesti
1078 1592 1444 1666 demissum
1478 1597 1799 1666 traximus
1837 1620 2025 1682 arce,

394 1701 606 1795 Cujus
642 1717 845 1797 egent
876 1729 1094 1800 prona
1127 1721 1200 1775 et
1229 1721 1480 1775 terram
1513 1707 1907 1800 spectantia.
1940 1704 2193 1774 Mundi

396 1811 745 1906 Principio
779 1813 1068 1884 indulsit
1095 1817 1472 1885 communis
1505 1815 1822 1885 conditor
1849 1812 1977 1883 illis

396 1921 692 1991 Tantum
721 1923 976 1991 animas
994 1975 1014 2010 ,
1049 1922 1244 1991 nobis
1274 1924 1577 1991 animum
1612 1947 1911 2017 quoque,
1941 1937 2217 1992 mutuus
2249 1937 2321 1991 ut
2348 1946 2472 1992 nos

401 2029 706 2100 Affectus
738 2046 964 2125 petere
995 2032 1318 2102 auxilium
1358 2046 1430 2104 et
1460 2048 1779 2128 praestare
1806 2030 2115 2126 juberet,
2448 2045 2550 2100 150

399 2141 752 2236 Dispersos
783 2143 1052 2210 trahere
1083 2143 1154 2210 in
1180 2141 1514 2237 populum
1532 2195 1551 2230 ,
1583 2141 1881 2236 migrare
1910 2153 2178 2210 vetusto

400 2251 508 2318 De
546 2273 822 2318 nemore
853 2262 923 2317 et
947 2250 1220 2344 proavis
1251 2250 1584 2320 habitatas
1620 2249 1928 2346 linquere
1960 2247 2191 2333 silvas;

398 2491 621 2566 judices
651 2495 981 2556 sordidatus
1010 2498 1164 2574 agit:
1209 2499 1381 2556 docet
1405 2497 1625 2556 deflere
1648 2498 2023 2556 calamitatem
2044 2497 2253 2573 pupilli
2290 2499 2555 2555 vocantis

399 2582 466 2640 in
492 2584 597 2668 jus.
629 2585 920 2660 perfidum
952 2599 1208 2648 tutorem
1225 2630 1244 2659 ,
1280 2589 1441 2663 cujus
1471 2590 1678 2648 faciem
1712 2591 1979 2667 lacrymis
2013 2591 2340 2648 madentem
2367 2590 2554 2647 crines

399 2674 638 2750 longius
651 2716 670 2747 ,
696 2688 763 2732 nt
783 2678 988 2752 puellae
1016 2690 1228 2755 gerunt
1243 2719 1260 2751 ,
1281 2680 1553 2756 promissi
1575 2682 1947 2757 perturbant,
1976 2681 2059 2738 ita
2080 2693 2147 2738 ut
2168 2699 2299 2738 eum
2321 2699 2445 2738 non
2468 2681 2554 2738 fa-

405 2767 514 2823 cile
533 2785 826 2843 agnoscas.
855 2769 1018 2826 Facit
1048 2771 1249 2828 eadem
1272 2782 1492 2830 naturae
1513 2774 1603 2830 vis
1620 2813 1637 2843 ,
1663 2785 1728 2829 ut
1752 2772 1815 2828 in
1846 2769 2048 2828 fletum
2074 2773 2550 2846 prorumpamus,

405 2878 586 2934 quum
605 2859 891 2936 virginem
909 2861 1216 2920 immatura
1239 2875 1430 2921 morte
1455 2875 1681 2939 raptam
1700 2863 1916 2920 deferri
1932 2863 2196 2919 videmus
2217 2862 2291 2919 ad
2313 2881 2522 2939 rogum
2535 2903 2555 2935 ,

403 2971 584 3028 quum
613 2954 894 3012 infantem
921 2967 1075 3014 terra
1104 2956 1359 3030 sepeliri,
1392 2958 1496 3032 qni
1525 2957 1723 3014 minor
1752 2966 1864 3025 est,
1893 2973 2064 3031 quam
2092 2965 2160 3011 ut
2186 2972 2335 3031 rogo
2362 2955 2557 3030 impo-

403 3057 578 3102 natur
594 3057 654 3104 et
671 3059 977 3106 cremetur.
1001 3049 1148 3119 Quis
1166 3048 1322 3106 enim
1330 3049 1426 3105 vir
1442 3050 1683 3124 probus,
1704 3065 1773 3105 ac
1789 3047 1999 3123 dignus
2014 3046 2117 3121 qni
2140 3045 2346 3103 taedam
2363 3057 2552 3123 gestet

404 3139 468 3196 in
506 3139 734 3198 Cereris
763 3141 940 3200 sacris
984 3141 1220 3199 secretis
1234 3182 1252 3212 ‚
1293 3142 1524 3216 qualem
1558 3139 1907 3198 initiandum
1936 3139 2066 3196 vult
2102 3137 2329 3196 Cereris
2362 3157 2556 3196 sacer-

407 3231 542 3303 dos,
581 3231 739 3306 quis,
773 3232 1048 3308 inquam,
1082 3233 1177 3290 vir
1205 3233 1428 3310 probus
1463 3233 1773 3290 humanam
1806 3230 2186 3288 calamitatem
2218 3231 2397 3288 ullam
2432 3250 2557 3289 non

405 3335 572 3398 putat
595 3324 671 3381 ad
695 3343 758 3382 se
781 3325 980 3400 aliquo
1007 3325 1188 3382 modo
1215 3323 1551 3400 pertinere?
1582 3325 1709 3380 Hoc
1736 3322 2123 3398 discrepamus
2158 3341 2189 3376 a
2222 3333 2387 3379 muto
2425 3322 2556 3379 ani-

406 3416 646 3474 malium
675 3432 870 3494 grege.
901 3419 976 3473 Et
999 3434 1145 3473 vero
1182 3416 1293 3473 soli
1321 3426 1577 3474 mentem
1616 3415 1869 3472 numinis
1896 3413 2181 3472 beneficio
2212 3415 2558 3490 consequuti

409 3528 606 3566 sumus
627 3511 992 3585 praeclaram,
1017 3509 1443 3579 admirabilem,
1477 3519 1538 3566 et
1562 3508 1737 3565 rebus
1760 3507 1971 3564 divinis
1989 3505 2285 3581 capiendis
2307 3525 2431 3562 non
2448 3507 2556 3563 mi-

407 3620 546 3675 nus,
567 3621 741 3676 quam
759 3603 1156 3681 excogitandis
1177 3601 1583 3677 ponendisque
1602 3599 1823 3656 artibus
1840 3599 2129 3656 idoneam.
2150 3597 2313 3655 Hanc
2334 3599 2407 3654 ab
2426 3599 2556 3674 ipso

409 3695 550 3751 coelo
573 3694 804 3753 ductam
835 3696 1154 3764 hausimus,
1197 3693 1336 3751 dum
1367 3693 1555 3750 brutis
1575 3691 1965 3748 animantibus
1990 3691 2055 3746 in
2076 3691 2323 3747 humum
2354 3690 2556 3764 pronis

407 3797 654 3864 negatur
671 3829 686 3855 ‚
725 3788 938 3864 quibus
972 3787 1250 3846 nimirum
1279 3787 1440 3844 orbis
1468 3783 1799 3860 primordio
1829 3803 1862 3840 a
1894 3787 2169 3842 Creatore
2198 3784 2404 3841 mundi
2434 3785 2553 3842 sola

409 3879 543 3934 data
577 3891 664 3936 est
697 3881 886 3937 anima
921 3881 1208 3938 sentiendi
1247 3890 1308 3938 et
1339 3878 1653 3956 vegetandi
1686 3875 1809 3933 vim
1847 3876 2093 3947 habens,
2130 3876 2302 3932 nobis
2330 3877 2555 3933 animus

408 3970 582 4028 etiam
617 3973 1006 4050 intelligentia
1046 3971 1404 4047 rationisque
1441 3989 1648 4046 capax,
1693 3980 1763 4026 ut
1802 3980 2001 4025 mutua
2038 3968 2263 4025 incitati
2293 3968 2554 4027 benevo-

409 4064 586 4120 lentia
618 4082 790 4141 opem
823 4077 882 4122 et
913 4085 1152 4141 operam
1177 4066 1254 4122 ab
1286 4063 1412 4121 aliis
1441 4061 1831 4140 flagitaremus
1846 4102 1863 4132 ,
1894 4060 2273 4136 eamdemque
2304 4060 2418 4117 illis
2451 4080 2554 4117 na-

411 4173 674 4232 vatemus
690 4179 710 4230 3
749 4169 818 4216 ut
854 4158 1110 4236 dissipati
1145 4169 1312 4218 autea
1334 4199 1352 4230 ,
1399 4157 1460 4214 in
1495 4154 1755 4213 civitates
1790 4151 2231 4230 colliga-emur,
2266 4163 2329 4210 et
2364 4153 2521 4222 silvis
2536 4193 2555 4228 2
