3050 4884
1197 186 1236 243 ‚a

850 374 956 443 IN
1002 374 1470 443 sATmAM
1513 371 1913 443 ΝοΝΑΜ.
2206 432 2215 445 .
2380 377 2465 463 37

309 486 570 554 totidem
597 488 746 545 unde
765 490 824 543 h.
851 491 954 544 loc.
966 491 1116 560 farre
1133 502 1182 540 ee
1199 509 1324 554 oere,
1355 490 1625 544 frumento
1642 502 1697 544 et
1716 491 1975 564 pecunie,
1999 494 2232 556 custodit,
2260 502 2467 545 susten·

308 582 418 632 tut,
444 576 640 625 animas
655 613 671 640 ,
694 574 890 640 vitam,
915 586 977 627 ut
993 574 1107 636 VI,
1127 573 1248 639 501,
1271 587 1325 627 et
1351 576 1478 639 XV,
1502 580 1589 641 94.
1615 606 1685 615 —
1701 580 1878 637 Fan-e,
1900 574 2185 647 quodlibet
2208 574 2465 630 frumenti

310 672 480 725 genus
497 657 852 729 significatur.
874 659 1098 730 Triplex
1119 669 1274 711 notat
1295 659 1436 713 Plin.
1464 661 1665 713 XVIII
1681 700 1698 726 ,
1722 662 1772 714 8.
1792 661 2085 728 Triticum,
2111 661 2263 729 siligo
2281 673 2333 714 et
2352 658 2463 713 fer:

306 736 418 791 boc
442 752 496 792 et
521 739 685 806 ador,
707 753 762 795 et
783 740 1045 795 adoreum
1071 753 1327 795 vocatum
1343 755 1449 809 est,
1479 754 1536 796 et
1560 741 1907 797 durissimum
1922 782 1938 807 ,
1966 757 2021 798 et
2049 757 2237 797 contra
2257 744 2463 797 hiemes

309 820 678 877 firmissimum
690 863 705 891 ‚
723 824 929 877 ibidem
949 824 1286 897 perhibetur,
1306 844 1370 879 ac
1387 826 1594 899 primus
1612 827 1849 899 antiquis
1866 828 2027 883 fuisse
2042 828 2101 881 in
2118 828 2277 883 Latio
2290 829 2461 883 cibus.
2566 872 2569 877 .

309 902 504 977 Capite
527 926 659 963 vero
679 907 1006 980 praecedenti
1026 908 1293 980 populum
1317 927 1601 963 romanum
1629 910 1711 962 ait·
1732 910 1875 964 farre
1899 923 2109 964 tantum
2136 930 2165 965 e
2191 912 2463 965 frumento

311 990 564 1045 trecentis
589 991 741 1044 annis
760 1009 935 1045 usum.
976 992 1156 1047 Farris
1181 991 1345 1045 etiam
1363 1010 1491 1045 usus
1513 993 1573 1045 in
1596 993 1760 1047 sacris
1783 993 2214 1059 commendatur,
2238 993 2385 1047 unde
2409 1006 2467 1049 et

311 1072 466 1144 pium
485 1073 570 1127 far
589 1074 903 1130 vocitatum.
939 1074 1082 1131 Hinc
1097 1087 1154 1129 et
1177 1075 1435 1129 farreatio
1456 1074 1631 1140 dicte,
1663 1076 1992 1130 sacrificium
2014 1077 2068 1130 in
2092 1096 2203 1149 quo
2225 1078 2464 1132 farreum

309 1155 488 1210 libum
527 1156 858 1213 offerebatur
881 1196 898 1223 ,
942 1157 1014 1211 ad
1057 1156 1378 1211 sanciendas
1419 1159 1649 1212 solemni
1687 1160 1797 1213 ritu
1840 1160 2060 1232 nuptias
2102 1159 2464 1215 secerdotum.

313 1238 564 1295 Meminit
599 1242 738 1296 Plin.
785 1242 880 1294 lib.
915 1241 1006 1295 cit.
1031 1258 1096 1316 ⁸c.
1140 1242 1192 1297 3.
1228 1272 1300 1283 —-
1339 1243 1422 1295 De
1456 1259 1737 1299 servorum
1775 1240 2027 1297 demenso
2068 1240 2195 1297 vide
2234 1242 2307 1297 ed
2352 1245 2467 1310 VI,

315 1340 436 1377 120.
474 1325 579 1379 En.

385 1470 518 1517 Vsu.
561 1471 676 1519 123.
711 1472 902 1531 Possis,
943 1488 1031 1533 η,
1067 1474 1159 1531 18,
1193 1481 1292 1531 24,
1323 1473 1551 1535 46-49.
1585 1470 1775 1531 Possit,
1814 1488 1893 1537 ¹9·
1921 1498 1994 1511 —
2023 1473 2119 1521 Hic
2142 1488 2344 1533 versus,
2375 1474 2467 1535 qui

309 1556 505 1605 silentio
523 1558 914 1621 pretermittitur
935 1558 996 1606 ab
1025 1558 1381 1623 interpretibus
1396 1594 1411 1618 ,
1434 1558 1628 1623 quoties
1655 1576 1768 1607 eum
1786 1558 1916 1625 legi,
1943 1576 2139 1625 semper
2155 1575 2234 1607 me
2252 1558 2467 1607 offendit

308 1640 454 1705 (nem
474 1650 524 1688 et
543 1640 742 1705 languet
754 1657 984 1706 metaque
1001 1640 1231 1706 repetitio
1248 1651 1322 1688 est
1337 1657 1410 1689 vs.
1434 1657 1456 1687 1
1469 1656 1533 1705 19
1548 1676 1563 1701 ,
1586 1652 1635 1689 et
1660 1640 1842 1695 idcirco
1859 1644 2009 1708 plane
2026 1643 2249 1707 ineptum
2268 1641 2467 1690 videtur

307 1721 408 1771 boc
429 1722 600 1791 loco);
638 1742 929 1790 semperque
954 1726 1153 1790 putavi,
1180 1724 1312 1773 banc
1337 1740 1444 1773 esse
1468 1725 1681 1790 glossam
1712 1726 1774 1775 in.
1792 1726 2015 1792 margine
2038 1726 2334 1792 adscriptam
2348 1760 2365 1787 ,
2400 1724 2465 1773 ad

309 1822 385 1855 vs.
425 1823 447 1855 ι
461 1824 522 1872 19
537 1844 552 1869 ‚
587 1806 664 1856 luis
681 1808 930 1875 proeczpue
952 1807 1165 1869 caussis,
1202 1818 1260 1855 ue
1281 1808 1481 1876 linguas
1509 1807 1863 1873 mancipiorum
1894 1821 2198 1858 contemnas.
2231 1806 2465 1873 Q'uorum

310 1891 578 1940 verborum
606 1891 744 1941 haud
770 1887 927 1940 dubie
949 1892 1440 1957 interpretamentum
1459 1892 1552 1939 fnit
1574 1908 1585 1938 :
1608 1889 1801 1940 Idcirco
1829 1904 1881 1939 ut
1896 1892 2059 1957 possis
2090 1892 2312 1959 linguam
2344 1907 2460 1939 con·

309 1984 519 2022 temnere
543 1972 700 2032 servi5
725 1974 865 2039 quod
887 1990 1041 2039 quum
1071 1975 1129 2022 in
1154 1983 1340 2022 textum
1368 1973 1633 2039 irreperet,
1659 1989 1921 2039 perperam
1945 1992 1972 2023 a
2000 1976 2215 2025 librariis
2241 1974 2299 2023 in
2322 1991 2463 2035 eum,

313 2072 464 2121 quem
487 2072 624 2105 nunc
647 2067 879 2121 occupat,
916 2056 1082 2119 locum
1116 2065 1190 2104 est
1215 2054 1531 2117 translatum,
1570 2065 1621 2104 et
1642 2054 1829 2120 possim
1860 2058 2133 2123 repositum
2158 2074 2254 2122 pro
2266 2058 2467 2123 possis,

311 2140 450 2205 quod
473 2150 640 2188 temen
661 2150 710 2188 et
733 2140 900 2205 ipsum
919 2139 976 2187 iu
997 2156 1080 2203 17,
1103 2141 1195 2197 18,
1224 2149 1291 2197 24
1308 2176 1323 2200 ,
1351 2139 1561 2203 46-49
1576 2174 1591 2199 ,
1619 2148 1669 2187 et
1688 2139 1985 2203 quibusdam
2006 2141 2145 2189 MSS.
2166 2140 2321 2191 Paris.
2341 2141 2464 2207 legi·

310 2234 406 2273 tur.
438 2224 511 2272 Eo
541 2224 705 2271 minus
740 2232 906 2273 autem
933 2222 1008 2273 illi
1037 2222 1329 2271 dubitarunt
1343 2258 1357 2283 ,
1390 2221 1514 2284 quin
1550 2220 1657 2270 baec
1691 2221 1843 2271 verbs
1878 2223 1947 2273 ab
1974 2223 2085 2289 ipso
2120 2232 2265 2288 poeta
2299 2234 2465 2271 essent

308 2306 560 2372 profectu,
579 2321 734 2369 quum
759 2305 919 2370 glossa
945 2305 1035 2353 ista
1067 2321 1238 2354 versus
1262 2316 1388 2353 esset
1413 2305 1727 2365 hexameter3
1753 2305 1891 2369 quod
1917 2322 2034 2355 vero
2048 2341 2063 2369 ,
2096 2306 2174 2355 vel
2202 2323 2319 2357 casu
2352 2304 2469 2357 fleri

307 2390 474 2456 potuit
495 2404 629 2439 coeco
642 2424 657 2449 ,
676 2388 758 2437 vel
771 2404 925 2453 parve
943 2389 1212 2437 verborum
1230 2388 1635 2453 transpositione.
1658 2388 1842 2438 Confer
1861 2388 2068 2438 Excurs.
2085 2389 2149 2437 ad
2166 2390 2264 2437 Sat.
2284 2391 2356 2450 V,
2367 2404 2436 2453 9⁰
2448 2424 2463 2449 ,

309 2490 399 2539 91·
422 2500 494 2510 -
513 2474 617 2523 Hes
633 2473 938 2535 conjecturas
955 2470 1061 2519 vidi
1077 2481 1248 2537 postea
1271 2469 1460 2520 firmari
1481 2474 1769 2521 auctoritate
1789 2487 1895 2522 non
1918 2473 2171 2527 tam.Cod.
2200 2475 2261 2521 13
2276 2508 2292 2535 ,
2314 2490 2341 2521 e
2360 2489 2463 2537 quo

309 2559 395 2608 bic
419 2574 591 2609 versus
610 2575 710 2607 uns
729 2574 844 2607 cnm
864 2573 966 2621 seq.
987 2558 1171 2619 ejectus
1189 2566 1260 2605 est
1281 2557 1360 2622 (ut
1385 2558 1595 2605 trecenti
1618 2556 1733 2617 elii3
1760 2558 1897 2606 unde
1913 2558 2051 2607 haud
2068 2560 2337 2624 quidquam
2362 2560 2463 2607 fere

311 2642 552 2693 momenti
573 2641 726 2691 babet
746 2642 808 2693 in.
833 2658 888 2691 re
919 2639 1154 2706 critica),
1190 2654 1337 2705 qum
1364 2638 1580 2687 duorum
1602 2640 1741 2688 MSS.
1763 2640 1918 2687 Paris.
1947 2656 1975 2687 a
1998 2641 2180 2705 quibus
2214 2640 2379 2703 abest,
2413 2652 2465 2689 et

309 2725 495 2775 codicis
526 2723 846 2776 vetustissimi
884 2723 914 2770 8
929 2759 945 2783 ,
981 2724 1037 2772 in
1071 2726 1174 2787 quo
1211 2737 1385 2769 versus
1423 2738 1444 2769 1
1458 2723 1725 2783 18-124,
1766 2720 1865 2770 hoc
1901 2724 2077 2773 ordine
2108 2740 2165 2775 ac
2200 2724 2353 2773 modo
2388 2724 2470 2775 le-⁴

309 2821 492 2875 guntur
521 2829 533 2859 z

683 2888 954 2936 Vivendum
970 2894 1098 2934 reete
1111 2921 1127 2942 ,
1149 2899 1259 2933 cnm
1276 2892 1477 2949 propter
1499 2883 1733 2947 piurima,
1759 2893 1873 2933 tunc
1894 2896 1967 2933 est

685 2963 896 3018 Idcirco,
919 2973 976 3010 ut
1001 2962 1156 3024 possis
1178 2960 1392 3022 linguam
1413 2969 1723 3006 contemnere
1738 2959 1889 3015 servi,

681 3038 926 3099 Praecipue
947 3036 1126 3084 caussis
1142 3069 1157 3090 ,
1179 3045 1237 3083 ut
1253 3035 1441 3097 linguas
1461 3034 1811 3097 mancipiorum

683 3115 988 3162 Contemnes.
1007 3113 1109 3159 Nec
1125 3110 1286 3174 lingue
1303 3109 1420 3157 mali
1436 3125 1550 3172 pars
1567 3107 1769 3172 pessima
1792 3112 1929 3157 servi.

683 3187 910 3236 Deterior
931 3196 1092 3233 tamen
1115 3186 1222 3241 bic,
1247 3186 1332 3248 qui
1356 3186 1481 3232 liber
1503 3184 1710 3233 moverit
1730 3183 1871 3241 illos,

686 3264 900 3321 Quarum
923 3261 1104 3308 animes
1126 3270 1174 3326 et
1197 3260 1324 3307 ferre
1347 3275 1436 3308 suo
1460 3260 1675 3309 custodit
1692 3269 1743 3308 et
1762 3276 1873 3309 aare.

680 3336 812 3385 ‘Utile
829 3336 1063 3384 consilum
1079 3354 1094 3393 ς
1113 3345 1204 3383 etc.

309 3444 443 3493 mne
467 3442 729 3491 Pithoeum
744 3456 942 3505 quoque
957 3441 1060 3501 jam
1078 3440 1201 3489 olim
1221 3454 1418 3489 versum
1437 3441 1576 3491 bunc
1596 3440 1879 3493 tollendum
1894 3444 1957 3493 de
1978 3445 2149 3494 medio
2162 3481 2179 3510 ,
2202 3456 2258 3494 ut
2278 3463 2468 3514 suppo·

311 3525 545 3587 sititium,
571 3536 655 3574 sut
676 3524 846 3590 potius
873 3522 1122 3587 duplicem
1147 3521 1290 3587 qussi
1315 3523 1568 3573 censuisse
1591 3524 1945 3577 animadverto.
1981 3528 2063 3577 Sie
2084 3528 2144 3576 in
2162 3528 2341 3579 eodem
2364 3532 2473 3585 MS.

313 3626 436 3659 mox
451 3620 568 3674 post
581 3626 653 3657 vs.
681 3608 783 3664 134
802 3606 980 3673 legitur
999 3606 1084 3655 hie
1103 3622 1116 3654 :
1139 3606 1318 3655 Gratus
1339 3605 1432 3655 eris
1445 3625 1465 3664 ,-
1488 3616 1543 3655 tu
1561 3606 1901 3674 eantumfucis
1925 3610 2147 3675 imprime
2164 3610 2376 3662 dentem.

384 3702 508 3756 Nor
553 3702 847 3770 123—129.
885 3698 1074 3753 Verba
1109 3696 1335 3755 Noevoli.

383 3860 524 3909 Vn„
568 3868 682 3917 ¹2⁴·
723 3856 991 3907 Consilium
1026 3872 1181 3915 nunc,
1221 3858 1316 3907 sed
1342 3874 1624 3918 commune,
1657 3860 1746 3920 16,
1783 3877 1866 3925 ¹9·
1903 3858 2198 3926 Consilium,
2232 3863 2325 3913 sed
2345 3880 2475 3914 nunc

311 3956 591 4003 commune,
621 3943 699 3992 18.
728 3938 994 3991 Consilium
1009 3938 1158 4001 milti,
1181 3941 1276 3990 sed
1288 3957 1569 4005 commune,
1594 3942 1681 4005 25,
1705 3957 1789 4006 ²7,
1813 3946 2055 4008 45-50,
2083 3947 2179 4007 54,
2206 3947 2273 3997 55
2292 3981 2309 4006 ,
2335 3946 2475 4008 57—

307 4027 398 4084 co,
418 4025 514 4085 64,
535 4024 621 4072 65.

385 4118 508 4170 Nor
535 4121 654 4181 1²4·
693 4118 822 4169 Utile
839 4116 1100 4169 consilium
1121 4118 1306 4169 dedisti
1325 4116 1497 4173 scilic.
1525 4134 1692 4190 supra
1721 4136 1799 4175 vs.
1830 4138 1851 4173 1
1866 4122 1928 4176 18
1952 4140 2063 4196 seq.
2088 4126 2182 4175 sed
2198 4139 2479 4187 commune,
