3050 4884
504 416 629 493 184
827 414 1172 481 VAMAE
1218 414 1813 481 LECTIONES
1857 416 1986 482 ET
2031 416 2340 483 NOTAE

493 532 629 585 serm
652 532 911 582 amatoris.
936 531 1280 600 mamfanfs
1302 532 1622 580 scribendam
1649 548 1754 582 em
1779 534 1927 594 dicit,
1958 522 2096 585 02'01
2125 536 2246 601 ipa,
2274 536 2438 585 verbis
2453 544 2622 601 patere
2641 570 2657 595 ,

497 616 623 680 quid
649 617 713 663 sit
726 616 923 682 fanum
948 616 1115 681 qfellae
1135 614 1331 680 exigua,-
1344 650 1361 675 ‚
1380 615 1566 664 seilicet
1582 632 1740 681 genus
1757 619 2026 668 farciminis
2043 636 2071 668 e
2091 620 2312 683 reliquiis
2336 621 2498 668 carnis
2513 618 2659 666 varia

494 708 545 745 et
580 699 809 747 minutim
831 699 1063 753 concisae.
1082 713 1183 761 quo
1206 696 1432 756 imbutus,
1456 696 1558 747 hoc
1575 711 1647 748 est
1660 737 1677 762 ‚
1696 718 1723 749 a
1741 702 1925 750 teneris
1943 704 2241 751 assuefactus
2252 737 2268 763 ,
2292 700 2662 751 delicatioribus

494 780 712 845 dapibus
728 781 930 829 incultus
951 798 1080 844 puer
1100 781 1195 845 (vs.
1231 780 1353 847 146)
1382 792 1481 830 tam
1505 782 1648 831 facile
1669 794 1858 831 careret
1871 819 1887 846 ,
1918 794 1975 833 ut
2009 785 2220 832 frustum
2245 800 2432 849 caprea
2451 795 2500 831 et
2533 784 2664 831 latus

494 864 629 913 Afra
660 866 765 913 avis
796 864 1061 914 subducere
1091 881 1154 913 ne
1188 866 1243 913 in
1278 876 1494 915 mentem
1524 864 1728 933 quidem
1763 870 1862 933 ipsi
1899 870 2106 919 veniret.
2145 870 2408 921 Enimvero
2427 906 2442 931 ,
2473 878 2530 917 ut
2563 867 2660 916 alia

498 960 681 1003 taceam
694 984 709 1009 ‚
746 966 850 999 non
880 950 1017 997 facile
1044 950 1300 1013 cuiquam,
1328 951 1427 999 nisi
1454 953 1692 1001 rusticum
1721 954 1832 1001 vite
1858 970 2014 1019 genus
2037 964 2362 1019 naturamque
2389 954 2660 1001 humanam

496 1034 751 1099 ignoranti
772 1033 1173 1098 persuadebitur,
1190 1034 1399 1083 bubulci
1418 1036 1730 1100 pastorisque
1752 1035 1884 1085 filios
1905 1037 2088 1085 talibus
2109 1037 2245 1086 i'artis
2264 1054 2292 1087 a
2308 1038 2493 1086 teneris
2511 1038 2662 1085 fuisse

496 1118 816 1175 assuefactos,
840 1126 889 1165 et
910 1118 973 1165 iis
1004 1132 1068 1165 ne
1094 1119 1267 1166 Roma
1289 1118 1493 1181 quidem
1510 1154 1525 1179 ,
1547 1120 1640 1168 nbi
1663 1120 1901 1170 demenso
1925 1122 2012 1169 vix
2033 1122 2186 1169 fames
2207 1137 2464 1170 servorum
2486 1120 2660 1184 exple-

498 1200 663 1261 batur,
684 1203 737 1250 in
762 1212 975 1251 mentem
1002 1200 1196 1249 venisse
1210 1236 1225 1260 ‚
1243 1200 1553 1251 delicatiores
1575 1203 1732 1264 cibos,
1746 1221 1775 1252 a
1791 1206 2177 1266 seministratos,
2199 1216 2407 1269 gustare.
2427 1207 2660 1253 Exocca-

497 1286 641 1334 sione
660 1288 789 1336 sum
807 1288 945 1335 nasci
956 1322 971 1347 ,
994 1287 1072 1335 vel
1088 1287 1351 1352 proverbia
1372 1287 1554 1335 docent
1565 1322 1578 1345 ‚
1598 1298 1647 1336 et
1662 1304 1771 1352 quae
1789 1288 1894 1338 ruri
1907 1306 2065 1354 puero
2085 1289 2326 1348 defuerat,
2341 1288 2534 1352 quoties
2549 1302 2660 1335 eam

496 1371 673 1419 Romae
690 1370 905 1420 oblatam
921 1371 1070 1419 fuisse
1089 1372 1309 1421 dicemus
1324 1373 1347 1419 Ξ)
1359 1372 1501 1421 conf.
1524 1372 1719 1421 Comm.
1738 1390 1915 1437 exquo
1939 1374 2150 1439 patebit,
2175 1389 2282 1423 non
2301 1372 2660 1421 sollicitandam

498 1471 607 1503 esse
622 1456 864 1521 vulgatam
882 1456 1149 1517 lectionem
1161 1493 1176 1515 ,
1198 1458 1255 1505 in
1272 1474 1369 1521 qua
1386 1456 1732 1521 gravissimum
1752 1460 1830 1507 vir
1847 1460 2024 1508 doctus
2040 1456 2280 1509 mendum
2301 1457 2400 1506 sibi
2421 1457 2659 1521 reperisse

499 1539 636 1587 visus
658 1551 748 1588 est.
770 1566 843 1577 -
861 1540 1053 1588 Tamen
1070 1540 1253 1589 retinui
1263 1538 1463 1606 frustis,
1500 1551 1550 1589 et
1577 1560 1776 1591 sensnm
1797 1544 2050 1607 vulgarem
2076 1544 2131 1591 in
2150 1540 2554 1607 interpretatione
2574 1557 2656 1588 re-

500 1624 611 1689 cepi
634 1639 647 1671 :
676 1623 817 1687 quod
843 1622 969 1670 mihi
996 1622 1333 1673 condonatum
1356 1639 1383 1672 a
1406 1623 1694 1675 doctissimo
1719 1626 1846 1675 duee
1865 1628 2079 1692 Ruperti
2102 1642 2296 1692 precor.
2317 1627 2409 1675 En.

573 1729 711 1784 Nor.
756 1737 1055 1796 142—144.
1089 1732 1281 1805 Neque
1316 1732 1481 1786 etiam
1509 1735 1776 1787 tirunculus
1815 1750 1993 1798 noster,
2031 1736 2275 1790 servulus
2290 1776 2306 1801 ‚
2339 1734 2493 1787 novit
2529 1731 2660 1785 scite

497 1818 769 1868 subducem
786 1815 934 1869 furto
952 1827 1134 1886 partes
1150 1813 1527 1869 delicatiorum
1547 1817 1796 1871 ciborum
1811 1859 1827 1884 ‚
1844 1832 1907 1872 ut
1926 1820 2065 1874 servi
2084 1821 2352 1872 nobilium
2371 1816 2658 1870 ditiorum-

498 1918 609 1971 que
628 1899 911 1952 hominum
923 1939 939 1965 ,
961 1900 1097 1950 rudis
1114 1902 1474 1967 omnitempore
1489 1914 1541 1951 et
1557 1898 1742 1954 adhuc
1757 1905 1966 1954 imbrum
1991 1916 2226 1959 tantum.
2247 1902 2487 1955 initiatus
2504 1895 2658 1972 quasi

501 1984 632 2037 huic
658 1984 761 2037 arti
789 1980 1011 2035 furandi
1011 1982 1189 2049 furtis,
1212 1981 1358 2034 furto
1372 1985 1540 2051 ofelloe
1559 1986 1756 2055 exiguoe
1765 2006 1790 2046 ‚·
1815 2004 1942 2038 nam
1961 1988 2168 2038 imbutus
2187 1986 2244 2039 h.
2269 1986 2374 2038 loc.
2396 2002 2506 2036 non
2525 1992 2607 2035 est
2625 1997 2660 2031 a

500 2066 701 2121 teneris
723 2065 1077 2126 assuefactus,
1102 2063 1197 2118 sed
1219 2065 1317 2137 qui
1343 2065 1572 2138 alicujus
1591 2068 1670 2120 rei
1698 2068 1914 2121 initium
1944 2070 2096 2134 fecit3
2129 2068 2241 2122 vid.
2268 2068 2484 2122 Ernesti
2500 2066 2658 2127 Clav.

500 2149 615 2205 Cic.
639 2161 693 2203 et
712 2149 887 2221 Heyn.
910 2145 980 2201 ad
995 2146 1148 2219 Virg.
1168 2146 1383 2200 AEneid.
1406 2148 1521 2201 v11
1537 2188 1552 2214 ,
1574 2150 1696 2213 542.
1721 2151 1804 2204 Ita
1828 2152 1974 2205 lueet
1991 2152 2082 2205 hic
2102 2153 2282 2215 locus,
2310 2152 2367 2204 in
2390 2169 2500 2224 quo
2521 2148 2661 2201 alius

501 2247 558 2288 et
572 2234 813 2305 vulgaris
833 2233 998 2304 hujus
1023 2230 1172 2284 vocis
1192 2230 1527 2303 significatus
1555 2234 1937 2306 interpretibus
1953 2274 1970 2302 ‚
1993 2248 2049 2289 et
2073 2235 2208 2297 mihi
2232 2253 2450 2306 quoque
2480 2228 2662 2285 fraudi

502 2318 623 2371 fuit.
656 2318 745 2370 Sic
778 2315 1050 2387 aptissima
1080 2326 1206 2367 sunt
1232 2315 1441 2379 omnia,
1469 2316 1652 2369 irrisio
1676 2335 1953 2371 servorum
1983 2317 2308 2383 furantium,
2340 2317 2575 2388 primum
2601 2316 2666 2363 ti-

501 2403 693 2453 runculi
714 2401 919 2453 furtum
939 2396 1134 2468 (rudes
1151 2398 1296 2453 enim
1314 2399 1550 2471 pastoris
1571 2399 1910 2472 bubulcique
1929 2399 2031 2453 filii
2059 2404 2243 2453 Romo
2269 2418 2394 2451 mox
2418 2416 2661 2452 corrum-

498 2498 707 2559 puntur
726 2484 983 2539 vitiorum
1005 2482 1343 2548 illecebris),
1386 2478 1636 2535 diminut.
1674 2484 1832 2551 osella
1866 2484 2110 2552 (offula,
2139 2483 2430 2536 frustulum
2453 2482 2662 2543 carnis,
2761 2509 2778 2517 -

498 2569 684 2641 panis,
710 2568 837 2633 etc.)
855 2605 870 2631 ‚
906 2576 961 2618 et
989 2564 1270 2637 epitheton
1295 2565 1509 2631 exigua,
1543 2580 1654 2637 quo
1677 2562 1894 2635 adjecto
1917 2567 1997 2619 vis
2026 2579 2253 2637 augetur
2284 2569 2369 2634 (ut
2387 2566 2459 2629 V,
2489 2566 2586 2631 85,
2607 2577 2662 2617 et

500 2654 571 2708 al.
588 2656 638 2723 );
661 2670 789 2705 nam
811 2668 981 2724 parva
1007 2648 1326 2721 plerumque
1350 2657 1477 2699 sunt
1501 2646 1761 2700 vitiorum
1784 2648 1957 2703 initia.
1986 2651 2242 2716 'Quorum
2265 2650 2311 2703 si
2335 2649 2666 2702 meminisset

498 2739 729 2803 Mauso,
762 2754 873 2789 non
901 2733 1121 2787 dixisset
1149 2750 1163 2785 :
1197 2732 1355 2802 cquis
1386 2742 1495 2793 est,
1531 2748 1692 2801 quem
1723 2750 1837 2785 non
1867 2731 2115 2786 offendat
2149 2732 2454 2787 tirunculus
2487 2732 2664 2784 omnis

499 2818 709 2873 fraudis
728 2830 782 2871 et
801 2815 933 2869 furti
955 2831 1146 2887 expers
1158 2851 1173 2875 ‚
1201 2810 1455 2883 idemque
1458 2811 1621 2879 fiat-eis
1643 2815 1852 2866 imbutus
1864 2822 1924 2865 Ρ.
1953 2834 2128 2887 mque
2148 2814 2518 2887 depravasset,
2538 2832 2662 2887 quo

499 2904 768 2975 corrigere
784 2899 988 2965 voluit3
1008 2897 1121 2952 vid.
1146 2897 1281 2950 Var.
1306 2897 1453 2949 Lect.
1484 2924 1549 2935 -
1577 2896 1799 2963 capoeoe,
1821 2916 1998 2970 caprae
2025 2899 2312 2963 silvestris}
2331 2897 2530 2959 dame,
2553 2908 2661 2951 etc.

496 3018 569 3029 ....
586 2988 753 3056 Afra,
777 3002 870 3041 seu
886 2984 1139 3051 Africana
1154 2998 1271 3031 aves
1290 2990 1347 3031 et
1369 2982 1599 3031 volucres
1623 2980 1799 3047 (Hor.
1821 2980 2001 3053 Epod.
2023 2981 2104 3044 11,
2135 2982 2222 3047 53,
2239 2993 2294 3034 et
2313 2982 2526 3037 Petron.
2546 2982 2658 3049 93).

498 3072 785 3123 Vocantur
810 3067 971 3121 etiam
992 3068 1189 3131 Libycae
1208 3067 1461 3127 volucres,
1487 3062 1726 3115 Martial.
1753 3064 1920 3127 XIII,
1945 3064 2038 3130 453
2061 3069 2270 3133 gallim
2299 3066 2581 3116 Numidica.-
2606 3075 2662 3118 et

501 3156 783 3223 Africana,
809 3150 1026 3203 Petron.
1060 3147 1159 3211 553
1182 3146 1396 3200 Colum.
1416 3146 1591 3210 VIII,
1622 3166 1672 3211 a,
1692 3166 1748 3219 p.
1773 3159 1826 3200 et
1845 3149 2006 3201 Varr.
2036 3150 2100 3201 R.
2127 3151 2193 3201 R.
2219 3148 2330 3212 111,
2365 3165 2425 3216 9,
2457 3150 2543 3211 18,
2565 3148 2662 3221 qui

498 3238 687 3299 docet,
710 3253 799 3289 eas
820 3230 1072 3305 grandes,
1085 3230 1265 3285 varias
1283 3230 1687 3303 gibBerasesse.
1711 3230 2022 3304 Graecisque
2043 3230 2154 3284 dici
2174 3228 2522 3306 μελεαγρίδας,
2547 3232 2666 3304 qui-

498 3324 602 3377 bus
624 3335 803 3376 tamen
831 3318 953 3370 illas
976 3328 1189 3369 tantum
1216 3312 1415 3367 similes
1442 3332 1556 3366 esse
1584 3313 1755 3367 tradit
1778 3316 1991 3369 Colum.
2023 3316 2134 3371 loc.
2163 3315 2314 3369 laud.
2339 3329 2394 3368 et
2412 3334 2442 3368 a
2465 3316 2664 3387 quibus

498 3425 591 3461 eas
610 3402 871 3458 discernit
891 3402 1039 3455 Suet.
1067 3398 1189 3452 Cal.
1215 3417 1301 3453 aa.
1322 3397 1563 3450 Varroni
1585 3396 1952 3469 adstipulatur
1970 3398 2113 3451 Plin.
2139 3400 2209 3462 X,
2231 3402 2314 3463 26,
2339 3417 2434 3451 seu
2453 3399 2540 3460 38,
2563 3398 2662 3452 ubi

495 3489 607 3544 vid.
640 3486 810 3542 Hard.
840 3484 937 3557 qui
963 3496 1154 3556 praeter
1171 3482 1280 3534 alia
1306 3481 1490 3545 docet,
1520 3479 1886 3553 Meleagridas
1915 3500 2026 3535 non
2049 3500 2166 3535 esse
2189 3494 2403 3533 nostras
2428 3482 2662 3553 gallinas

496 3571 717 3626 Iudicas
740 3570 761 3637 (
780 3567 1092 3619 indianischc
1106 3605 1122 3630 ,
1151 3565 1413 3624 caducae,
1439 3566 1766 3616 ealecutisclac
1787 3568 2014 3631 Hiilmer,
2039 3567 2370 3626 Tnoehfikner,
2403 3564 2660 3616 Auerlu‘ib-

500 3678 609 3717 πον,
640 3656 841 3721 Pater),
869 3670 1039 3724 quum
1056 3649 1143 3703 his
1170 3668 1283 3701 non
1302 3650 1590 3702 conveniat
1620 3649 1914 3722 descriptio
1932 3650 2150 3703 illarum
2175 3647 2323 3721 apud
2344 3650 2544 3702 Athen.
2574 3650 2657 3715 X,

502 3746 587 3805 24,
608 3752 663 3792 et
688 3737 840 3799 XIV,
868 3752 991 3806 pag.
1024 3734 1126 3791 655
1152 3734 1174 3802 (
1194 3745 1428 3786 attamen
1458 3732 1556 3786 illa
1583 3733 1850 3787 'Varronis
1865 3774 1882 3801 ‚
1902 3734 2066 3787 Plinii
2089 3746 2142 3787 et
2164 3733 2377 3788 Colum.
2401 3736 2445 3805 ),
2467 3746 2522 3787 et
2541 3734 2662 3805 gal-

496 3824 622 3876 linae
658 3818 861 3873 Indicae
896 3818 967 3871 ab
1000 3815 1327 3872 occidentali
1367 3816 1604 3888 primum
1635 3816 1798 3870 India
1838 3836 1933 3871 seu
1968 3818 2214 3871 America
2245 3816 2317 3870 ad
2351 3836 2452 3871 nos
2479 3816 2661 3868 allate

500 3908 746 3978 adeoque
761 3922 979 3977 prorsus
992 3902 1276 3973 incognitae
1292 3902 1493 3955 suerint
1509 3900 1801 3955 veteribus.
1819 3900 1906 3954 Cf.
1925 3902 2175 3956 Bochart.
2190 3900 2496 3965 Hieroz.11,
2512 3917 2560 3966 1,
2577 3916 2660 3967 ¹9·

574 4020 715 4072 Nor.
761 4012 875 4076 145.
916 4015 1160 4072 Plebeios,
1184 4013 1435 4084 vulgares
1460 4011 1730 4085 vilesque,
1756 4014 1955 4073 cala-es,
1987 4030 2098 4064 non
2121 4011 2388 4082 pretiosos
2411 4020 2466 4062 et
2485 4007 2662 4061 multa

498 4114 614 4157 arte
636 4096 975 4169 conspicuos.
1000 4098 1080 4149 De
1109 4108 1335 4170 utroque
1364 4114 1559 4167 genere
1583 4096 1909 4168 poculorum
1933 4094 2048 4150 vid.
2079 4096 2152 4158 V,
2183 4098 2412 4167 ²9-48,
2431 4104 2486 4147 et
2507 4093 2660 4145 Mar·-

492 4187 608 4243 tial.
634 4182 788 4246 XIV,
816 4184 1045 4251 93-96,
