3050 4884
526 311 659 390 424
749 311 833 376 D.
861 312 917 378 1.
944 313 1417 380 JUVENALIS
1440 313 1760 380 SATIRA
1783 313 2122 380 DECIMA
2145 313 2455 380 SEXTA.

522 427 971 511 Sternuntur;
998 429 1137 523 jam
1171 427 1468 498 facundo
1497 443 1798 523 ponente
1824 427 2128 501 lacernas
2614 435 2687 503 45

524 535 862 618 Caedicio,
896 553 965 607 et
992 542 1206 608 Fusco
1227 539 1366 630 jam
1399 539 1862 625 micturiente,
1898 541 2116 633 parati

522 645 981 739 Digredimur,
1012 646 1324 740 lentaque
1353 645 1486 715 fori
1511 670 1894 742 pugnamus
1916 672 2142 717 arena.

522 756 648 824 Ast
673 754 830 841 illis,
866 781 1034 852 quos
1063 780 1253 828 arma
1282 769 1521 852 tegunt
1549 771 1619 824 et
1644 755 1900 828 balteus
1923 757 2168 844 ambit,

522 865 730 954 Quod
762 866 1081 960 placitum
1115 881 1219 937 est
1253 866 1443 959 ipsis,
1482 881 1838 961 praestatur
1868 882 2136 961 tempus
2161 866 2434 962 agendi,

523 976 670 1044 Nec
699 1000 806 1044 res
836 978 1147 1046 atteritur
1177 975 1383 1070 longo
1412 975 1794 1047 sufflamine
1821 976 1980 1056 titis.‚
2614 983 2686 1038 50

617 1082 789 1154 Solis
817 1100 1136 1179 praeterea,
1166 1085 1457 1156 testandi
1494 1086 1824 1157 militibus
1853 1089 1970 1182 jus

523 1193 702 1262 Vivo
732 1209 922 1290 patre
951 1194 1151 1264 datur
1180 1218 1198 1264 ε
1237 1219 1426 1282 nam,
1466 1220 1616 1291 quae
1650 1211 1808 1266 sunt
1835 1211 2028 1291 parta
2053 1195 2284 1265 labore

522 1302 818 1392 Militiae,
858 1303 1110 1401 placuit
1146 1330 1285 1376 non
1323 1331 1461 1376 esse
1502 1307 1573 1375 in
1610 1332 1896 1403 corpore
1923 1331 2194 1392 censuS,

523 1415 748 1483 Omne
782 1429 966 1488 tenet
1000 1415 1195 1510 cujus
1226 1417 1522 1510 regimen
1557 1430 1750 1511 pater
1777 1443 1794 1486 ε
1821 1442 1984 1512 ergo
2014 1418 2397 1502 Coranum,

524 1527 891 1620 Signorum
922 1527 1236 1596 comitem
1265 1542 1774 1623 castrorumque
1803 1551 1940 1598 aera
1965 1539 2334 1596 merentem
2351 1578 2372 1613 ,
2607 1536 2674 1592 55

522 1639 851 1726 Quamvis
870 1638 1017 1732 jam
1042 1638 1400 1725 tremuluS‚
1440 1653 1664 1734 captat
1694 1654 1904 1734 pater.
1935 1640 2140 1707 Hunc
2167 1633 2357 1706 labor
2382 1659 2613 1729 aequus

524 1749 884 1836 Provehit‚
922 1764 987 1820 et
1022 1747 1311 1844 pulchro
1340 1749 1558 1820 reddit
1583 1774 1703 1818 sua
1729 1748 1908 1824 dona
1939 1745 2176 1822 labori.

430 1869 435 1872 ’
522 1859 748 1953 Ipsius
777 1873 957 1930 certe
986 1859 1180 1930 ducis
1206 1861 1341 1930 hoc
1368 1859 1632 1934 referre
1657 1855 1949 1944 videtur,
2117 1945 2122 1948 ,

523 1969 655 2056 Ut,
696 1970 815 2064 qui
851 1968 1046 2038 fortis
1078 1971 1245 2056 erit,
1282 1971 1368 2040 sit
1394 1968 1819 2040 felicissimus
1845 1966 2064 2052 idem;

524 2077 626 2146 Ut
650 2076 783 2148 laeti
811 2077 1100 2171 phaleris
1126 2105 1397 2168 omnes,
1426 2095 1493 2152 et
1522 2077 1878 2174 torquibus
1905 2099 2144 2146 omnes
2605 2087 2677 2136 6ο

530 2237 2168 2270 οοοοοοοοοοοοοοοοοοοοοοο

528 2381 719 2440 Modo
760 2382 1064 2462 subselliis,
1082 2383 1468 2460 imponuntur
1509 2386 1791 2444 duntaxat
1825 2395 2044 2461 tapetes
2081 2405 2096 2440 t
2140 2381 2322 2440 modo
2363 2377 2638 2438 Caedicius
2656 2421 2675 2452 ‚

528 2475 811 2549 eloquens
840 2473 939 2532 ine
969 2485 1252 2551 patronus
1267 2520 1283 2548 ,
1310 2478 1542 2536 lacerna
1565 2477 1857 2554 deposita,
1885 2497 1946 2535 se
1967 2477 2050 2534 ad
2070 2473 2466 2551 perorandum
2488 2471 2682 2530 accin-

526 2565 641 2642 git3
673 2566 853 2625 modo
882 2567 1097 2628 Fuscus
1120 2568 1193 2626 ad
1215 2569 1568 2627 mittendum
1593 2568 1803 2627 lotium
1827 2569 2070 2627 discedit
2095 2566 2436 2625 :aderamus
2463 2562 2680 2639 panti,

527 2659 859 2716 abeundum
884 2681 900 2717 τ
925 2659 1007 2718 sic
1036 2659 1099 2717 in
1129 2680 1189 2718 ea
1221 2679 1390 2718 arena
1418 2663 1574 2720 lente
1598 2662 1668 2719 lis
1694 2663 1964 2719 inchoata
1992 2659 2366 2736 disceptatur.
2395 2658 2515 2715 mis
2536 2675 2680 2714 vero

528 2753 633 2829 qul
674 2754 869 2812 balteo
913 2765 971 2811 et
1004 2754 1179 2812 armis
1224 2755 1478 2832 insignes
1518 2766 1684 2828 sunt,
1721 2753 2096 2812 commodum
2136 2754 2550 2829 quodcumque
2589 2751 2682 2808 di-

528 2843 725 2902 ceudae
752 2862 957 2903 caussa·
990 2854 1245 2926 tempus,
1273 2858 1341 2902 ut
1375 2848 1584 2903 volunt
1599 2889 1618 2915 ‚
1634 2846 2008 2918 conceditur,
2030 2863 2138 2903 nec
2159 2863 2288 2902 suas
2310 2862 2449 2919 opes
2472 2843 2682 2919 dilapi-

529 2936 674 2994 dant
698 2935 973 2994 damnosa
1006 2935 1195 2993 litium
1227 2936 1612 2995 diuturnitate
1643 2955 1711 2994 ae
1737 2956 1922 2994 mora.

609 3025 704 3086 51.
748 3029 877 3086 Huc
896 3028 1047 3086 adde
1063 3070 1082 3099 ‚
1106 3031 1271 3105 quod
1286 3023 1423 3087 solis
1444 3031 1727 3089 militibus
1747 3031 1939 3100 datur,
1963 3041 2028 3088 ut
2051 3031 2284 3094 vivente
2305 3031 2494 3088 adhuc
2517 3040 2682 3105 patre

528 3121 785 3180 condere
810 3132 1227 3179 testamentum
1248 3124 1503 3197 possint3
1531 3125 1614 3181 sic
1639 3123 1792 3181 enim
1821 3124 2046 3202 legibus
2067 3135 2299 3181 cautum
2325 3133 2428 3195 est,
2447 3134 2513 3180 ut
2529 3124 2684 3179 bona

529 3233 657 3290 quae
694 3213 919 3272 bellicis
956 3215 1259 3272 laboribus
1285 3226 1421 3272 sunt
1448 3217 1726 3291 acquisita
1749 3235 1871 3274 non
1898 3227 2240 3274 censeantur
2267 3234 2387 3273 esse
2413 3233 2485 3272 ex
2520 3224 2684 3290 parte

526 3307 902 3385 patrimonii,
950 3325 1141 3382 neque
1192 3308 1256 3364 in
1300 3308 1372 3364 iis
1416 3309 1589 3366 bonis
1632 3307 2015 3366 numerentur
2059 3327 2312 3384 quorum
2357 3307 2682 3364 dominium

526 3419 705 3476 penes
730 3399 929 3456 militis
955 3410 1179 3474 patrem
1218 3409 1317 3455 est.
1348 3401 1553 3476 Itaque
1585 3413 1751 3476 pater
1778 3401 1992 3458 Corani
2018 3400 2300 3475 stipendia
2337 3399 2598 3456 facientis
2626 3410 2685 3459 et

525 3489 681 3547 inter
706 3491 865 3566 signa
895 3489 1159 3566 degentis
1198 3489 1318 3558 illi,
1354 3491 1618 3564 quamvis
1652 3491 1775 3569 jam
1811 3491 2006 3548 senior
2020 3517 2048 3563 ,·
2072 3489 2403 3560 blandit-ur,
2445 3491 2690 3565 ejusque

526 3593 719 3656 captat
743 3581 1138 3639 hereditatem.
1184 3583 1446 3639 Coranus
1474 3582 1708 3640 interim
1735 3583 1992 3640 honestis
2027 3582 2246 3640 militiae
2283 3580 2584 3638 laboribus
2612 3581 2692 3639 ad

526 3673 785 3731 honores
826 3687 1241 3749 promovetur,
1279 3685 1339 3731 et
1376 3676 1792 3751 amplissimum
1821 3693 2012 3751 opera
2043 3674 2298 3750 pretium
2325 3674 2456 3730 sert.
2497 3672 2692 3746 Ipsius

528 3766 744 3822 scilicet
767 3765 1134 3840 imperatoris
1162 3764 1359 3838 refert,
1391 3777 1457 3823 ut
1482 3767 1588 3840 qui
1605 3767 1826 3824 virtute
1851 3785 1917 3824 ae
1939 3764 2284 3824 fortitudine
2311 3761 2516 3821 ceteris
2533 3781 2692 3838 prae-

529 3868 664 3928 stat,
706 3857 863 3913 idem
892 3857 966 3913 sit
982 3857 1341 3915 felicissimus
1368 3869 1427 3915 et
1450 3859 1856 3932 pulcherrimis
1881 3859 2133 3936 premiis
2159 3859 2594 3927 cohonestetur,
2633 3869 2698 3913 et

530 3969 729 4006 omnes
748 3950 970 4006 strenui·
986 3951 1197 4008 milites
1220 3951 1544 4028 torquibus,
1557 3955 1825 4030 phaleris,
1848 3973 1914 4012 ac
1929 3953 2134 4012 ceteris
2154 3951 2510 4024 ornamentis
2529 3950 2696 4008 mitia-

530 4041 623 4100 tiae
641 4041 1009 4099 decorentur.
1032 4081 1192 4100 ......

1386 4199 1840 4219 w*—
