3050 4884
837 629 1315 718 SATIRAE
1374 628 1890 720 DECIMAE
1957 627 2461 742 QUINTAE

1310 819 1982 880 ARGUMENTUM.

1022 1049 1229 1100 Obtinet
1244 1053 1485 1118 AEgyptus
1502 1069 1763 1118 perversos
1781 1048 1940 1118 'impia
1961 1053 2098 1102 ritus.
2115 1079 2185 1092 --

1030 1135 1279 1182 Immunes
1294 1136 1418 1182 ritus
1440 1133 1698 1200 AEgyptius
1716 1135 1883 1185 incola
1900 1135 2087 1186 suadet.

1328 1235 1345 1284 ί
1358 1237 1425 1278 ΑΙ.
1442 1237 1609 1290 AEgypti
1626 1237 1762 1278 incola
1777 1241 1949 1292 servat.)

858 1418 1205 1454 numerumn
1252 1419 1619 1457 218262112.
1649 1433 1719 1446 ·-····
1750 1421 1828 1456 DE
1861 1421 2318 1458 suranna-10³8.
2346 1434 2414 1446 -··

564 1501 640 1536 m:
674 1500 1216 1538 suvxnsnrxolunus
1250 1502 1664 1540 AEGYHIORUB.
1704 1518 1773 1528 —-
1813 1505 1891 1542 DE
1925 1505 2337 1542 unetoxmus
2373 1505 2612 1542 notul.
2635 1519 2708 1530 ·-·-

1162 1587 1241 1622 AB
1274 1587 1570 1624 vonusmu
1609 1588 2007 1626 Btrnrnlcun.
2041 1603 2112 1614 ·····

721 1669 795 1705 DE
816 1671 981 1706 rar-u
1006 1671 1253 1708 DBORUR
1281 1672 1545 1708 cunrmu
1575 1673 1644 1708 31·
1675 1673 1919 1713 ultano
1941 1673 2110 1710 VIG'I'U
2137 1671 2548 1710 EGYFTKORUH.

637 1907 709 1962 In
728 1907 837 1963 hac
860 1906 1046 1966 satira
1063 1947 1081 1976 ,
1118 1906 1193 1964 ad
1226 1908 1536 1966 Volusium
1567 1909 1937 1986 Bithynicum
1965 1906 2208 1982 scripta,
2243 1906 2536 1965 Iuvenalis
2564 1926 2704 1984 gra-

556 1997 787 2056 vissime
819 1998 1116 2057 invehitur
1140 1999 1205 2055 in
1236 1999 1562 2078 religiosam
1587 2001 1998 2078 AEgyptiorum
2031 1999 2380 2057 dementiam
2396 2041 2415 2071 ,
2453 2000 2553 2076 qui
2582 2020 2705 2058 non

555 2091 735 2147 modo
758 2101 1020 2148 monstra
1043 2093 1329 2164 Deorum,
1354 2093 1622 2150 animalia
1647 2101 1706 2151 et
1731 2094 1919 2164 olera,
1951 2091 2054 2149 sed
2071 2091 2245 2148 etiam
2265 2091 2363 2147 alii
2382 2090 2492 2149 alia
2507 2092 2704 2168 hujus-

554 2182 719 2238 modi
748 2183 989 2240 numina
1026 2185 1250 2255 colant,
1288 2195 1349 2242 et
1387 2187 1467 2243 ob
1506 2187 1656 2244 banc
1695 2185 1994 2264 relig-ionis
2031 2183 2421 2243 diversitatem
2449 2197 2609 2244 tanto
2640 2206 2701 2246 se

551 2273 803 2334 invicem
826 2275 963 2332 odio
986 2287 1440 2352 prosequantur,
1471 2289 1540 2335 ut
1561 2297 1709 2335 caeco
1741 2295 2182 2352 nonnumquam
2211 2275 2413 2334 furore
2443 2277 2702 2336 instincti

552 2385 681 2440 eos,
720 2369 825 2445 qui
860 2369 985 2426 aliis
1013 2379 1253 2426 utantur
1292 2369 1497 2441 sacris,
1545 2371 1831 2428 devorare
1867 2388 1993 2426 non
2028 2368 2298 2426 dubitent
2333 2367 2440 2445 (vs.
2473 2370 2698 2448 1-·-13).

556 2461 699 2532 Quae
716 2481 792 2519 ne
810 2460 1215 2538 quisfabulosa
1234 2479 1355 2518 esse
1378 2471 1604 2519 censeat
1623 2473 1683 2520 et
1699 2461 1900 2520 similia
1921 2461 1992 2518 iis
2007 2503 2024 2532 ,
2054 2479 2181 2537 quae
2202 2460 2436 2536 Ulysses
2451 2462 2698 2520 Alcinoo

551 2571 726 2628 super
770 2571 991 2610 coenam
1031 2554 1105 2610 de
1146 2555 1588 2631 Laestrygonum
1629 2555 2075 2630 Cyclopumque
2115 2553 2470 2610 immanitate
2515 2565 2573 2611 et
2615 2552 2699 2603 ἇν-

549 2643 873 2716 θρωποφαγίᾳ
896 2645 1223 2703 narraverit
1254 2645 1550 2725 (13—26)
1565 2688 1584 2720 ,
1617 2649 1947 2724 exemplum
1979 2653 2266 2704 memorat
2291 2646 2698 2704 efferatissimus

544 2737 717 2813 hujus
740 2739 1121 2811 crudelitatis,
1146 2739 1309 2817 quod
1325 2759 1425 2797 sua
1448 2751 1582 2798 aetas
1601 2742 1850 2814 viderit3
1877 2755 1936 2800 et
1951 2742 2158 2812 refert,
2185 2738 2430 2798 finitima
2450 2743 2660 2819 oppida
2675 2784 2694 2814 ,

547 2833 801 2911 Tentyra
835 2844 893 2889 et
929 2834 1219 2908 Coptum,
1252 2833 1492 2908 antiqua
1519 2835 1837 2906 simultate,
1866 2833 2085 2890 nullam
2109 2832 2282 2889 aliam
2307 2834 2387 2889 ob
2413 2853 2700 2906 caussam,

546 2944 722 3001 quam
744 2925 906 3001 quod
924 2926 1151 2983 diversa
1182 2927 1471 2983 coluerint
1490 2928 1760 2997 numina,
1788 2927 1866 2983 ita
1889 2926 2116 2996 arsisse,
2143 2937 2212 2983 ut
2237 2944 2425 3002 nuper
2454 2925 2695 3002 Coptitae

547 3037 681 3076 cum
710 3019 1027 3096 Tentyritis
1042 3061 1059 3091 ,
1086 3020 1242 3077 diem
1262 3019 1475 3077 festum
1502 3019 1808 3097 agentibus
1839 3030 1897 3076 et
1922 3019 2079 3096 larga
2108 3019 2254 3076 meri
2281 3018 2522 3094 potione
2546 3037 2693 3076 one-

543 3111 702 3184 ratis,
722 3131 843 3188 quo
858 3112 1083 3170 facilior
1094 3112 1340 3170 victoria
1357 3124 1537 3185 esset,
1547 3112 1748 3190 jurgio
1769 3111 2162 3170 contendendi
2179 3111 2541 3169 occasionem
2556 3111 2693 3169 inde

544 3203 835 3279 ceperint,
870 3215 1052 3279 utque
1070 3204 1197 3260 rixa
1221 3204 1477 3279 primum
1501 3205 1779 3262 conviciis
1803 3223 1870 3260 ac
1899 3205 2180 3274 clamore,
2215 3203 2425 3261 deinde
2459 3222 2696 3279 percus—

540 3295 705 3352 sione
717 3294 973 3370 capitum
990 3293 1463 3370 vulneribusque,
1481 3297 1692 3373 pugnis
1714 3306 1773 3353 et
1792 3295 2080 3371 lapidibus
2099 3293 2354 3368 inflictis,
2381 3305 2689 3368 transacta,

542 3407 682 3446 mox
721 3388 895 3445 armis
929 3386 1171 3462 sumptis
1214 3388 1279 3443 in
1320 3387 1586 3463 praelium
1628 3387 1906 3446 exarserit
1929 3429 1961 3470 ,9
1989 3405 2109 3463 quo
2151 3387 2362 3465 fugatis
2402 3387 2649 3463 Coptitis
2669 3429 2689 3461 ,

541 3497 691 3537 unus
717 3499 924 3537 eorum
941 3521 959 3552 ,
987 3480 1091 3555 qui
1106 3478 1282 3536 nimia
1298 3477 1615 3538 formidine
1633 3499 1866 3539 cursum
1887 3479 2250 3556 praecipitans
2272 3480 2656 3556 procubuerit
2670 3522 2691 3553 ,

540 3585 739 3648 captus
770 3593 805 3630 a
832 3571 1184 3648 Tentyritis,
1215 3583 1275 3628 et
1303 3591 1429 3630 non
1456 3573 1637 3631 modo
1666 3573 1732 3630 in
1757 3573 2006 3650 plurima
2031 3584 2218 3631 sectus
2253 3573 2433 3630 frusta
2468 3583 2525 3630 et
2551 3593 2688 3650 par-

540 3666 771 3736 ticulas,
816 3677 884 3722 ut
923 3665 1119 3723 multis
1162 3661 1481 3736 sufficeret,
1522 3665 1626 3722 sed
1667 3666 1882 3724 crudus
1921 3667 2094 3726 etiam
2136 3687 2201 3723 ac
2240 3677 2396 3724 totus
2437 3667 2688 3724 corrosis

540 3756 765 3814 ossibus
788 3766 949 3814 tanta
978 3756 1250 3814 aviditate
1278 3757 1591 3814 deroratus
1617 3757 1718 3828 sit,
1755 3770 1823 3815 ut
1857 3759 1959 3836 qui
1991 3778 2065 3817 ex
2096 3759 2361 3816 hostibus
2387 3758 2688 3814 novissimi

537 3847 833 3918 venerint,
878 3850 1185 3924 absumpto
1225 3847 1344 3922 jam
1382 3860 1509 3907 toto
1546 3869 1823 3926 corpore,
1865 3851 2052 3909 ductis
2093 3869 2201 3925 per
2240 3860 2455 3908 terram
2490 3850 2687 3926 digitis

536 3939 759 4014 aliquid
779 3941 855 3998 de
882 3940 1157 4017 sanguine
1178 3939 1299 4013 ejus
1318 3941 1680 4018 gustaverint
1709 3941 2012 4022 (αφ-92).
2046 3946 2234 4000 Tanta
2263 3942 2682 4001 inhumanitate

535 4033 762 4090 nullum
778 4051 1055 4108 umquam
1070 4035 1355 4109 populum
1371 4034 1594 4094 saevisse
1609 4037 1776 4095 dicit:
1801 4059 1924 4096 non
1943 4039 2376 4116 calaguritanos
2393 4039 2455 4096 in
2471 4040 2684 4098 Vasco-

536 4145 677 4183 num
696 4123 910 4184 finibus
928 4167 945 4200 ,
976 4125 1107 4202 qui,
1127 4128 1301 4204 longa
1324 4127 1561 4187 demum
1587 4129 1894 4190 obsidione
1915 4131 1992 4190 ad
2017 4132 2208 4190 diram
2236 4133 2456 4191 redacti
2470 4133 2682 4192 famem

3031 2004 3039 2053 ..
3013 825 3040 1949 Ι.-.--.---ι-ι--ι-ι---ω--ιιι-*ῄ
3014 192 3036 777 ——u-n*
