3050 4884
517 310 604 392 94
759 346 770 353 -
835 304 1176 371 VARIAE
1219 302 1803 369 LECTIONES
1848 302 1973 369 ET
2018 302 2321 371 NOTAE

589 419 729 471 Nor.
770 434 856 487 99.
894 422 1045 486 Hujus
1067 417 1268 490 Sejuni,
1291 418 1379 483 qm'
1393 419 1613 467 trahitur
1630 434 1802 481 unco,
1818 415 1930 469 vid.
1954 416 2026 471 ud
2050 437 2127 471 vs.
2150 420 2660 476 66.-Proete.rmm,

518 518 755 553 summos
776 500 1008 554 honores
1041 512 1096 553 et
1124 502 1492 572 magistratus,
1527 502 1619 572 qui
1658 518 1779 553 cum
1806 501 2040 555 maximo
2066 501 2311 573 periculo
2342 500 2517 551 solent
2544 515 2661 551 esse

518 586 809 659 conjuncti.
843 585 984 641 Vide
1011 586 1082 640 ad
1103 587 1160 653 1,
1192 587 1280 659 78,
1310 600 1362 639 et
1391 587 1602 639 Feri-ar.
1627 586 1690 639 R.
1716 587 1787 636 V.
1810 588 1899 651 11,
1932 587 1961 638 3
1980 626 1995 648 ,
2016 587 2111 657 qui
2136 598 2349 651 monet,
2372 585 2658 657 profectos

517 670 770 742 pretorio
801 670 857 722 in
877 682 1133 742 pratexta
1157 670 1348 735 fuisse,
1373 670 1500 723 licet
1521 671 1611 741 jus
1638 669 1779 721 clavi
1805 688 1915 722 non
1942 668 2245 722 habuerint.

587 768 640 819 N
641 786 726 820 or.
770 785 888 819 roo.
928 770 1228 817 Fidenarum
1265 767 1622 832 Gabiorumque
1638 802 1652 827 ‚
1680 763 1951 817 minorum
1976 762 2303 835 oppidoru'm
2335 758 2661 831 municipio·

517 868 746 923 rumque
779 849 937 905 Latii.
963 848 1104 903 Vide
1140 848 1210 901 ad
1235 851 1317 902 vl
1336 891 1351 916 ,
1385 850 1478 912 56,
1504 850 1590 918 57,
1610 860 1663 901 et
1689 848 1833 901 conf.
1862 848 2053 900 Horat.
2082 847 2252 920 Epist.
2290 846 2317 897 1
2334 884 2350 910 ,
2379 863 2461 909 ιι,
2484 862 2515 913 7
2543 861 2659 913 seq.

519 940 740 987 Potestas
757 974 772 998 ,
795 933 1136 1005 magistratus
1163 936 1263 1001 (ut
1289 931 1438 1005 apud
1473 933 1587 987 Cic.
1612 933 1775 984 Tusc.
1800 934 1827 983 Ι
1844 972 1860 995 ,
1890 932 1986 995 3·ος
2014 932 2161 985 Suet.
2184 930 2318 983 Caes.
2354 946 2471 1001 cap.
2502 946 2587 997 17,
2607 939 2665 980 et

519 1015 712 1070 Claud.
755 1019 819 1070 23
839 1019 876 1084 ).
912 1046 984 1058 --
1025 1022 1171 1079 Esse,
1213 1016 1320 1069 hoc
1353 1028 1458 1079 est,
1497 1016 1797 1068 honoribus
1828 1015 2009 1085 fungi,
2056 1014 2151 1086 qui
2184 1014 2421 1067 minores
2440 1010 2665 1085 quidem

519 1112 673 1163 sunt,
701 1098 796 1153 sed
815 1098 991 1151 securi
1015 1112 1068 1152 et
1095 1118 1128 1152 ι
1163 1116 1364 1169 magno
1397 1097 1642 1171 periculo
1674 1098 1793 1151 tuti.

591 1257 726 1304 Vsu.
767 1272 878 1305 101.
915 1256 1174 1318 Momm-is,
1204 1273 1225 1304 1
1241 1272 1284 1304 1.
1303 1282 1376 1293 -—
1395 1255 1482 1303 Uis
1501 1270 1597 1319 pro
1620 1254 1695 1303 im
1717 1252 1877 1319 (jas),
1900 1270 1979 1311 ro,
2010 1254 2090 1314 15,
2114 1254 2195 1313 18,
2224 1268 2303 1316 19,
2324 1268 2408 1312 27,
2428 1250 2663 1313 45-49,

521 1338 754 1398 54-60,
785 1341 854 1387 65
870 1374 884 1397 ,
913 1340 1043 1387 facili
1078 1354 1258 1387 errore.

589 1436 720 1483 Vn.
762 1451 874 1483 102.
917 1434 1222 1499 Vacuisquc,
1257 1450 1340 1493 11,
1373 1450 1454 1496 17,
1493 1436 1585 1495 18,
1624 1450 1713 1494 πο,
1744 1448 1851 1482 non
1874 1431 2089 1498 improb.
2112 1430 2483 1480 Schunfleisch.
2510 1427 2663 1477 modo

511 1517 744 1583 pannosis
766 1528 1052 1581 reponetur.

589 1612 726 1664 Nor.
771 1627 887 1674 101,
921 1628 1036 1662 ποι.
1079 1600 1270 1661 Ediles
1291 1610 1707 1689 municipiorum-i
1733 1622 1787 1663 et
1806 1610 2141 1663 coloniarum
2158 1645 2173 1672 ,
2196 1604 2344 1677 quod
2367 1606 2536 1659 velex
2553 1604 2665 1655 hoc

520 1699 642 1748 loco
667 1695 954 1767 probabile
981 1696 1071 1759 fit,
1101 1694 1299 1747 similes
1327 1694 1597 1748 AEdiiibus
1624 1696 1798 1765 plebis
1833 1698 2198 1747 Romanorum
2231 1704 2285 1745 et
2308 1691 2479 1744 infimi
2508 1701 2666 1744 erant

519 1780 863 1851 magistratus
881 1780 904 1847 (
921 1778 1066 1831 conf.
1099 1780 1214 1846 ΙΙΙ,
1245 1784 1340 1831 162
1366 1783 1407 1849 ),
1433 1781 1527 1851 qui
1564 1791 1618 1831 et
1650 1790 1913 1851 praeerant
1936 1781 2173 1830 mensuris
2202 1796 2264 1830 ac
2298 1774 2631 1849 ponderibus
2647 1813 2665 1839 ,

519 1881 664 1934 qua,
689 1862 733 1914 si
759 1865 967 1924 minora,
996 1864 1185 1935 iniqua
1207 1874 1408 1926 essent,
1433 1864 1502 1915 ab
1517 1863 1583 1916 iis
1592 1866 1981 1933 frangebantur.
1998 1873 2017 1899 ¹
2039 1861 2121 1916 Ad
2145 1861 2464 1933 dignitatem
2489 1878 2587 1931 per
2608 1876 2666 1911 se

519 1962 746 2017 parvam
765 1964 926 2017 quam
945 1947 1176 1999 maxime
1191 1945 1543 1998 minuendam
1558 1947 1701 1999 valet
1720 1944 1959 1998 delectus
1976 1943 2254 2017 oppiduli,
2280 1942 2429 2015 quod
2442 1960 2663 1993 vacuum

520 2028 733 2090 incolis,
756 2046 850 2080 seu
873 2030 1012 2080 male
1031 2024 1332 2081 habitatum
1354 2030 1494 2099 (non
1515 2030 1679 2101 plane
1696 2028 1964 2083 desertum
1979 2068 1994 2092 ,
2020 2046 2145 2081 nam
2158 2026 2392 2081 AEdilem
2414 2023 2664 2093 habuit),

523 2122 577 2163 et
603 2111 756 2180 cujus
785 2109 976 2163 AEdilis
1003 2110 1133 2162 hinc
1157 2126 1406 2181 pannosus
1433 2123 1514 2163 est
1531 2150 1547 2175 ,
1588 2112 1693 2165 hoc
1722 2123 1825 2176 est,
1863 2110 2057 2183 pannis
2080 2110 2317 2163 vestitus.
2335 2138 2409 2151 -—
2446 2110 2659 2165 Umbrae,

460 2248 464 2259 ,
522 2208 680 2247 tenue
703 2190 969 2264 oppidum
988 2193 1130 2247 Latii
1149 2195 1235 2247 vel
1255 2194 1562 2265 Campania
1582 2195 1639 2246 in
1673 2213 1805 2265 agro
1826 2193 2085 2259 Pontino,
2114 2194 2269 2264 juxta
2305 2190 2541 2263 paludes.
2574 2188 2663 2243 Cf.

526 2278 714 2329 Horat.
738 2276 902 2348 Epist.
930 2277 982 2341 1,
1008 2293 1086 2343 ιι,
1111 2277 1198 2330 30.
1221 2306 1294 2319 --
1324 2279 1524 2344 Vacuis,
1548 2275 1677 2331 vide
1701 2276 1771 2331 ad
1800 2277 1917 2343 111,
1944 2297 1992 2330 π.

596 2372 736 2422 Nor.
779 2370 898 2423 103.
939 2370 1020 2422 Ex
1070 2371 1156 2423 his
1199 2370 1538 2442 intelligitur,
1584 2372 1833 2443 sejanum
1856 2411 1871 2437 ,
1926 2390 2073 2442 utque
2124 2388 2188 2422 ac
2228 2369 2515 2421 maximam
2563 2367 2667 2419 ho-

523 2454 732 2507 miuum
765 2465 972 2525 partem
1014 2454 1130 2523 (vs.
1171 2473 1198 2507 2
1233 2473 1344 2528 seq.
1369 2459 1391 2526 )
1414 2495 1431 2521 ,
1478 2455 1779 2526 ignorasse,
1817 2472 1939 2526 quae
1958 2471 2089 2507 vera
2128 2454 2236 2507 sint
2272 2453 2419 2505 bona
2452 2464 2505 2503 et
2536 2450 2669 2502 hinc

521 2537 844 2609 exoptanda.

593 2636 730 2687 Nor.
775 2634 1070 2706 105—107.
1097 2635 1319 2709 Sejanus
1339 2632 1410 2687 ad
1434 2634 1725 2687 altissimos
1750 2630 2115 2687 adscendebat
2133 2632 2355 2684 honoris
2375 2627 2593 2703 gradus,
2614 2642 2673 2683 et

522 2719 596 2772 ita
631 2720 930 2790 graviorem
959 2721 1062 2773 sibi
1089 2738 1276 2773 casum
1313 2720 1634 2792 ruinamque
1665 2719 1924 2791 parabat,
1960 2718 2147 2771 similis
2173 2718 2254 2784 ei,
2285 2718 2403 2789 qui,
2438 2714 2667 2769 modicis

522 2800 727 2855 adibus
745 2821 855 2856 non
875 2816 1156 2857 contentus
1171 2844 1186 2867 ,
1206 2804 1398 2856 turrim
1415 2804 1709 2857 multorum
1728 2804 2094 2856 tabulatorum
2113 2802 2363 2865 exstruit,
2382 2805 2511 2853 unde
2523 2804 2671 2853 altior

521 2902 596 2938 est
617 2905 756 2938 casus
784 2902 830 2939 σε
853 2892 1068 2938 immane
1086 2907 1327 2957 pra-ceps,
1357 2887 1713 2961 precipitium
1728 2926 1742 2951 ,
1769 2890 1926 2938 rm‘noe
1943 2889 1964 2954 (
1982 2885 2092 2939 dat.
2112 2889 2133 2957 )
2156 2885 2223 2939 nd
2264 2902 2446 2938 casum
2472 2897 2525 2937 et
2550 2886 2669 2937 vio-

523 2970 694 3023 lenter
727 2972 974 3035 impulsae,
1003 2971 1112 3022 hoc
1147 2984 1255 3034 est,
1283 2970 1428 3023 unde
1467 2973 1771 3043 superiores
1800 2971 1962 3025 turris
2002 2983 2179 3043 partes
2216 2988 2407 3039 magna
2448 2986 2569 3021 cum
2612 2968 2670 3018 vi

522 3068 680 3103 ruere
699 3048 786 3102 vel
809 3047 1056 3102 decidere
1077 3051 1302 3121 possint.
1325 3051 1484 3106 conf.
1522 3054 1713 3106 Horat.
1738 3053 1843 3108 Od.
1878 3054 1963 3117 ΙΙ,
1989 3071 2053 3105 ιο
2074 3090 2089 3115 ,
2113 3070 2146 3120 9
2170 3071 2279 3123 seq.
2300 3049 2585 3103 Claudiam.
2608 3050 2670 3101 in

527 3132 704 3185 Ruflu.
729 3132 788 3195 Ι,
816 3151 876 3184 21
916 3151 1027 3204 seq.
1063 3132 1160 3184 ubi
1182 3136 1382 3205 Koenig
1409 3137 1742 3206 domparavit
1768 3137 1929 3189 verbu
1950 3136 2174 3189 Luciani
2196 3136 2217 3203 (
2240 3134 2535 3204 Contempl.
2575 3138 2639 3195 14
2653 3172 2670 3197 ,

523 3234 645 3287 pag.
669 3217 789 3279 510,
811 3227 940 3268 tom.
961 3215 989 3266 I
1003 3252 1018 3277 ,
1038 3212 1170 3267 edit.
1194 3216 1400 3286 Reitz.)
1421 3219 1468 3269 ἐν
1489 3221 1699 3291 τοσούτῳ
1722 3216 1779 3270 δὲ
1802 3218 2094 3289 ἐπαὶρεσθον,
2120 3221 2181 3277 ὣς
2195 3218 2252 3269 ἂν
2272 3218 2357 3285 ἀφ’
2380 3214 2667 3283 ὑψηλοτέρου

523 3298 848 3370 ἀλγεινότερον
880 3298 1302 3369 καταπεσούμενοι.

597 3396 735 3449 Nor.
779 3395 878 3447 108
904 3414 1013 3467 seq.
1053 3396 1210 3449 Conf.
1242 3394 1314 3449 ad
1330 3416 1411 3452 vs.
1438 3398 1504 3451 56
1524 3416 1636 3470 seq.
1656 3410 1710 3451 et
1732 3398 1916 3451 Senec.
1938 3398 2109 3469 Epist.
2133 3404 2218 3466 94.
2246 3400 2462 3458 Crassos,
2482 3396 2561 3447 M.
2583 3394 2673 3448 Li·

528 3477 727 3530 cinium
761 3479 1014 3532 Crassum
1059 3498 1183 3532 cum
1219 3481 1276 3533 P.
1317 3481 1510 3533 Crasso
1550 3481 1665 3534 filio
1694 3482 2076 3552 interemptum
2114 3481 2169 3531 in
2204 3480 2353 3532 hello
2384 3477 2670 3543 Parthico,

529 3560 679 3631 quod
701 3562 882 3631 gloriae
901 3563 1128 3635 aurique
1150 3564 1390 3617 Parthici
1414 3562 1710 3635 cupiditate
1726 3565 1972 3617 incensus
1990 3576 2246 3617 moverat.
2265 3572 2285 3597 ²
2302 3592 2373 3603 —-
2387 3564 2667 3629 Pompeios,

1370 3734 1462 3754 m

1741 3736 1834 3755 Μ

603 3867 622 3891 ¹
663 3858 792 3909 vide
812 3858 1018 3909 casaub.
1039 3862 1104 3911 nd
1128 3866 1259 3915 Pers.
1282 3870 1333 3926 Ι,
1359 3870 1484 3927 130,
1503 3878 1555 3917 et
1714 3874 1736 3901 ³
1770 3867 1901 3919 Vide
1921 3870 2139 3933 Appiani
2168 3870 2438 3921 Historiam
2462 3871 2675 3920 Partho-

528 3938 838 3988 Werusdors.
861 3941 996 3989 Poet.
1023 3942 1178 3991 Latin.
1207 3946 1328 3995 min.
1349 3956 1468 3995 tom.
1486 3950 1556 4007 V,
1640 3962 1779 4005 rum,
1808 3964 1915 4011 cap.
1946 3950 2151 3997 22-65
2165 3983 2182 4008 ,
2207 3964 2301 3997 uec
2340 3966 2446 3999 nou
2484 3950 2681 3999 Plutar-

530 4034 640 4080 pag.
665 4020 782 4081 609.
1642 4026 1789 4076 oham
1811 4026 1867 4075 in
1886 4028 2047 4075 Crassi
2071 4028 2199 4073 vita.
