3050 4884
562 342 685 409 192
874 318 1223 385 vAmAE
1272 314 1860 383 LEc'rloNEs
1907 316 2035 379 ET
2081 314 2392 381 NoTAE

554 439 720 491 Nunc
754 452 1021 507 perpensa
1055 432 1319 504 scaligeri
1352 430 1718 505 explicatione
1752 443 1806 483 et
1839 431 2122 486 Iuvenalis
2147 430 2366 486 dicendi
2399 444 2578 491 more,
2617 420 2724 496 qui

554 518 972 591 generalioribus
1008 516 1497 588 circumscriptiora
1531 515 1786 587 praeferre
1811 516 1948 570 solet
1965 557 1981 584 ,
2006 520 2173 569 orbem
2200 534 2388 570 verum
2416 531 2530 567 esse
2561 520 2724 581 puto-

554 604 957 655 Lacedaemom'us
974 604 1106 652 orbis
1124 613 1205 653 est
1224 603 1421 651 macula
1440 600 1495 651 in
1512 616 1783 651 marmore
1804 600 2094 663 Laconico,
2109 602 2278 652 circuli
2293 600 2504 667 speciem
2517 610 2718 661 gerens,

554 704 620 738 cu
622 684 862 757 jusmodi
884 684 1108 737 maculo
1130 682 1389 735 marmori
1408 682 1643 753 pretium
1667 679 1941 735 addidisse
1958 681 2224 737 videntur.
2251 684 2316 734 In
2331 682 2481 734 hunc
2500 692 2726 731 sensum

554 770 768 841 accipio
786 770 967 821 locum
986 768 1111 821 Seu.
1132 768 1234 838 Ep.
1256 767 1344 836 87.
1366 790 1389 813 c
1406 767 1620 838 Pauper
1635 766 1739 819 sibi
1758 765 1972 821 videtur
1989 786 2052 821 ac
2071 764 2345 832 sordidus,
2365 766 2470 819 uisi
2487 762 2726 835 parietes

554 854 765 925 maguis
782 851 1033 925 pretiosis
1046 854 1245 902 orbibus
1256 849 1591 911 refulserint,
1610 849 1718 904 uisi
1736 849 2099 903 Alexandrina
2117 868 2390 904 marmora
2411 841 2724 901 Numidicis

554 936 749 990 crustis
768 934 1024 989 distincta
1052 933 1175 987 sint.
1194 958 1216 979 ι
1248 930 1519 1005 Equidem
1543 930 1822 987 adsentior
1843 934 2092 988 Fen-ario
2104 973 2123 998 ,
2153 948 2208 988 et
2224 937 2434 1001 pytisma
2453 931 2562 983 hoc
2589 929 2720 981 loco

554 1038 665 1072 non
688 1016 855 1071 modo
873 1018 1097 1071 salivam
1116 1034 1209 1070 seu
1224 1028 1442 1088 sputum
1454 1054 1471 1076 ‚
1487 1015 1583 1070 sed
1601 1016 1763 1069 etiam
1785 1036 1990 1071 merum
2009 1018 2210 1091 largius
2227 1018 2486 1071 haustum
2499 1014 2724 1085 orisque

554 1114 893 1157 excrementa
922 1099 1035 1154 dici
1056 1098 1409 1165 crediderim,
1438 1096 1686 1171 adeoque
1711 1098 1985 1173 designari
2009 1116 2064 1155 et
2091 1100 2366 1155 hominem
2392 1100 2720 1172 opulentum

553 1184 911 1257 eumdemque
952 1183 1291 1237 luxuriosum
1331 1200 1397 1236 ac
1436 1193 1746 1253 potatorem
1762 1221 1779 1246 ,
1804 1182 1897 1255 qui
1932 1182 2204 1256 ejusmodi
2228 1183 2517 1258 pytismate
2551 1182 2722 1231 orbem

553 1273 737 1321 Laced.
743 1306 762 1331 ,
796 1284 1066 1331 mensam,
1088 1285 1180 1321 seu
1202 1266 1574 1338 pavimentum
1595 1284 1955 1320 marmoreum
1971 1306 1987 1331 ,
2015 1270 2243 1333 lubricet,
2279 1265 2607 1321 madefaciat
2629 1277 2716 1317 at-

553 1370 659 1424 que
690 1352 964 1423 inquinet,
996 1362 1050 1403 et
1073 1347 1417 1421 splendidam
1437 1351 1549 1422 ejus
1584 1348 1805 1404 domum
1826 1353 1849 1420 (
1868 1352 1958 1404 cui
1981 1353 2174 1403 humilis
2195 1370 2274 1405 vs.
2309 1355 2409 1419 169
2423 1390 2439 1416 ,
2463 1348 2724 1423 opposita.

552 1437 700 1503 est),
725 1446 878 1507 parte
900 1436 922 1503 (
942 1438 1059 1485 orbe
1082 1436 1263 1485 Laced.
1286 1434 1307 1501 )
1326 1452 1427 1505 pro
1456 1446 1575 1486 toto
1595 1436 1790 1506 posita.
1817 1436 1905 1489 sic
1931 1436 2164 1489 multum
2181 1448 2234 1489 et
2254 1434 2512 1507 ponderis
2530 1448 2582 1487 et
2601 1453 2720 1488 sar·

552 1518 719 1573 casmi
752 1518 892 1571 inest
927 1518 1017 1571 his
1050 1518 1228 1571 verbis
1264 1528 1428 1589 atque
1464 1520 1731 1572 sententia
1769 1517 2062 1572 admodum
2099 1530 2456 1573 consentanea
2483 1524 2598 1571 tu'm
2629 1517 2720 1571 iu·

549 1604 713 1675 genio
741 1616 914 1675 poete
936 1601 1194 1675 satyrici,
1230 1612 1347 1653 tum
1384 1602 1632 1655 moribus
1665 1602 1813 1655 illius
1847 1602 1972 1666 aevi,
2011 1604 2280 1676 precipue
2318 1622 2448 1657 vero
2481 1602 2716 1675 spurcis·

552 1688 701 1747 simis
726 1685 1211 1739 comessationibus
1236 1684 1792 1756 obscenitatibusque
1809 1684 1974 1739 modo
1995 1688 2108 1755 (vs.
2137 1690 2232 1739 162
2253 1705 2364 1758 seq.
2385 1698 2440 1739 et
2463 1704 2562 1756 ¹7⁰
2579 1688 2718 1757 seq.)

550 1769 879 1824 memoratis.
905 1767 1113 1823 Eadem
1142 1770 1388 1821 firmatur
1409 1768 1545 1821 locis
1565 1769 1724 1822 simil.
1744 1770 1828 1822 VI
1843 1809 1858 1834 ,
1885 1777 1989 1839 4²9
2012 1788 2124 1842 seq.
2144 1781 2223 1835 et,
2249 1788 2368 1843 quae
2393 1770 2474 1823 ibi
2491 1770 2718 1825 laudata.

552 1868 705 1918 suut,
732 1853 922 1907 Horat.
963 1850 1071 1907 Od.
1098 1854 1182 1911 11,
1220 1858 1311 1916 πά,
1338 1870 1429 1922 ²7³
1466 1851 1584 1905 Cic.
1622 1852 1761 1905 Phil.
1801 1853 1858 1906 11
1875 1892 1891 1917 ,
1930 1858 2016 1917 41,
2050 1866 2104 1907 et
2141 1853 2281 1907 Salv.
2322 1855 2426 1921 lv,
2463 1852 2535 1907 ad
2561 1853 2714 1908 Eccl-

552 1939 710 1991 Cath.
765 1937 878 1990 Cur
908 1955 1037 1989 vero
1068 1936 1247 1989 minor
1284 1935 1570 2007 spurcities
1603 1936 1673 1988 ab
1713 1938 1839 1990 hoc.
1879 1937 2004 1989 loco
2039 1938 2216 1993 aliena
2251 1951 2355 2004 est,
2396 1939 2445 1993 si
2479 1941 2712 2012 majores

552 2020 729 2077 eidem
746 2021 827 2075 rei
851 2020 1208 2085 conveniunt,
1230 2030 1285 2073 et
1310 2039 1381 2073 vs.
1409 2022 1684 2091 162—172
1699 2059 1714 2085 ,
1737 2019 2093 2074 tribuuntur?
2117 2032 2136 2057 ¹

1405 2195 1497 2215 m

624 2324 646 2350 ¹
682 2319 789 2367 Jos.
808 2316 981 2382 Sealig.
999 2316 1063 2365 ad
1086 2316 1261 2365 Mauil.
1286 2332 1337 2382 p.
1359 2332 1427 2365 m.
1454 2318 1585 2377 454,

540 2398 763 2465 pitysma
779 2394 965 2463 (immo
981 2395 1240 2462 pytisma)
1262 2394 1502 2444 referebat
1520 2396 1586 2444 ad

549 2470 788 2525 κότταὸον
819 2492 905 2524 seu
942 2468 1281 2541 κοτταῧισμὸν,
1310 2491 1468 2539 genus
1504 2474 1584 2523 lu·

551 2555 707 2605 deudi
723 2590 740 2617 ,
769 2572 869 2620 quo
900 2556 1073 2602 viuum
1103 2571 1132 2602 a
1160 2564 1285 2618 potu
1314 2554 1373 2601 iu
1402 2552 1586 2619 poculo

548 2636 819 2699 reliquum,
850 2634 918 2681 ita
940 2634 995 2681 iu
1023 2634 1175 2681 altum
1202 2632 1505 2701 jaciebatur,
1528 2642 1586 2681 ut

546 2714 603 2764 iu
634 2731 785 2763 aereas
813 2714 1008 2762 caderet
1042 2712 1231 2778 phialas
1265 2730 1355 2761 seu
1384 2712 1553 2777 pelves
1566 2748 1582 2771 ,

544 2805 620 2853 et,
658 2794 703 2843 si
736 2793 799 2842 ab
828 2792 911 2840 his
944 2800 1070 2839 tacta
1106 2800 1235 2839 esset
1264 2807 1388 2840 aerea
1422 2801 1582 2840 statua

547 2870 761 2940 (μάνης)
778 2909 794 2932 ,
810 2871 905 2921 sub
922 2871 1023 2920 illis
1044 2872 1227 2935 posita,
1248 2872 1441 2920 sonitus
1466 2868 1583 2935 (λά-

544 2948 668 3018 ταξ)
689 2952 919 3000 ederetur
940 2949 1078 3016 (vid.
1111 2951 1295 2999 Potteri
1328 2952 1580 3002 Archaeol.

543 3032 632 3079 Gr.
655 3032 745 3089 lv,
768 3046 863 3088 so,
891 3044 1003 3094 pag.
1032 3046 1059 3089 7
1073 3045 1094 3076 1
1108 3045 1129 3076 1
1152 3044 1255 3093 seq.
1282 3044 1407 3078 vers.
1427 3031 1580 3077 Ram·

542 3108 735 3175 bach).
774 3108 907 3156 Hinc
936 3107 1167 3172 putabat,
1202 3124 1403 3155 sensum
1427 3108 1580 3169 hujus

540 3189 639 3239 loci
649 3205 753 3237 esse
766 3203 779 3237 :
793 3184 874 3238 Na
888 3198 1143 3252 exspectes
1152 3204 1179 3235 a
1192 3204 1288 3251 pau
1294 3202 1424 3251 pere,
1437 3187 1577 3251 quod

542 3270 589 3317 ei
603 3268 839 3332 competit
850 3302 865 3323 ,
879 3266 967 3331 qui
984 3280 1089 3314 nou
1103 3265 1355 3330 plebeium
1364 3302 1379 3325 ‚
1393 3278 1449 3315 ut
1463 3282 1574 3329 uos,

540 3349 907 3413 pavimentum,
938 3345 1027 3393 sed
1062 3346 1332 3409 pretiosum
1371 3348 1573 3395 crustis-

540 3444 637 3493 que
680 3426 968 3477 marmoreis
1005 3424 1377 3473 vermiculatum
1406 3426 1574 3489 pytis-

538 3519 672 3555 mate
693 3505 855 3571 tiugit.
895 3504 992 3553 Sed
1012 3504 1065 3551 in
1090 3504 1179 3551 illo
1209 3503 1331 3551 ludo
1358 3505 1573 3555 maxime

538 3587 815 3636 cavendum
843 3596 968 3645 arat,
996 3602 1062 3633 ue
1095 3584 1219 3649 quid
1245 3585 1352 3631 vini
1383 3584 1438 3633 in
1472 3598 1574 3635 ter-

540 3682 670 3723 ram,
688 3682 776 3713 seu
794 3665 1131 3729 pavimentum
1150 3664 1367 3725 caderet,
1388 3676 1435 3711 et
1453 3682 1577 3729 quo-

540 3744 695 3792 modo
722 3746 918 3802 viuum,
939 3760 967 3792 e
992 3744 1174 3808 poculo
1202 3742 1438 3806 effusum,
1466 3761 1572 3795 uon

539 3839 660 3871 vero
700 3834 963 3887 exsputum
985 3858 1000 3883 ,
1048 3822 1265 3890 πύτισμα.
1285 3859 1301 3884 ,
1341 3835 1571 3888 sputum,

542 3903 643 3951 dici
668 3913 831 3966 potest
844 3905 868 3950 ἓ
888 3930 959 3939 ——
988 3902 1261 3971 Grangoeus
1280 3906 1570 3969 suspicaba-

541 3992 638 4041 tur,
651 3982 813 4031 orbem
825 3980 1107 4046 significare
1120 3984 1241 4046 quid
1256 3985 1570 4049 propudiosi,

540 4063 723 4111 scilicet
752 4059 964 4129 μολύνειν
991 4058 1323 4130 Κλαζομενὰς,
1358 4075 1415 4113 ut
1437 4065 1570 4128 apud

1777 2194 1870 2216 m

1674 2318 1810 2365 Suet.
1838 2318 1972 2383 Aug.
1999 2319 2066 2367 68
2083 2352 2099 2377 ,
2128 2328 2253 2368 extr.
2275 2320 2388 2387 (nbi
2417 2330 2576 2369 tamen
2603 2320 2708 2369 vid..

1674 2398 1843 2453 Burm.
1883 2408 1932 2446 et
1966 2398 2223 2465 Ernesti),
2263 2410 2314 2447 et
2351 2402 2503 2467 magis
2540 2401 2708 2449 orbem

1675 2475 2098 2527 Laeedoemonium
2111 2512 2126 2535 ,
2165 2489 2417 2543 sumptum
2457 2496 2519 2528 ex
2562 2480 2708 2527 Aris·

1675 2554 1814 2619 topb.
1853 2555 1935 2603 cui
1969 2554 2157 2605 Clinias
2191 2557 2352 2605 dictus
2388 2555 2705 2622 Κυσολάκων,

1673 2633 1809 2681 unde
1843 2636 2060 2699 Hesyeb.
2103 2633 2379 2697 lumime-e
2395 2672 2412 2695 ‚
2456 2630 2705 2695 παιδίκοῖς

1671 2714 1874 2780 χρῆσθαι
1890 2748 1906 2775 ,
1933 2724 1984 2761 et
2009 2715 2213 2778 Eupolis
2240 2720 2363 2783 μισῶ
2396 2714 2705 2777 λακωνίζεινς

1659 2793 1870 2856 misma
1891 2810 2010 2843 vero
2025 2810 2122 2859 pro
2141 2812 2195 2843 re
2216 2795 2447 2845 obscoeua
2474 2798 2628 2859 sumi,
2647 2810 2710 2847 ut

1668 2882 1858 2937 spatam
1862 2908 1879 2931 ‚
1893 2872 2120 2935 salivam,
2135 2890 2311 2935 mrem,
2325 2892 2500 2931 serum,
2511 2894 2706 2941 spuere,

1669 2951 1931 3015 despuere,
1955 2954 2288 3019 per-despuere
2321 2955 2492 3021 (apud
2527 2956 2710 3008 Catuli,

1668 3032 1902 3091 Lxxlv,
1931 3033 1979 3093 3,
2004 3032 2093 3081 ubi
2120 3043 2282 3083 tamen
2309 3036 2412 3085 vid.
2447 3036 2626 3101 Scalig.
2649 3048 2704 3085 et

1668 3110 1942 3179 Doeriug.),
1959 3128 2162 3161 vomere
2180 3114 2314 3180 apud
2333 3114 2524 3163 Amob.
2545 3116 2702 3165 adeo-

1667 3205 1763 3253 que
1789 3206 1987 3237 sensum
2006 3189 2162 3252 hujus
2188 3192 2284 3241 loci
2303 3210 2434 3241 esse:
2459 3194 2544 3257 qui
2567 3211 2702 3245 nova

1663 3268 2022 3332 Elephantidos
2059 3268 2220 3335 figura
2261 3272 2454 3320 nudum
2495 3274 2701 3338 supina-

1665 3356 1868 3411 tumque
1891 3349 1945 3396 iu
1979 3360 2204 3399 ventrem
2237 3353 2552 3401 exsecrandis
2575 3370 2698 3403 ure-

1663 3427 1868 3476 dinibus
1903 3428 2102 3493 flagitat.
2145 3456 2219 3467 —
2261 3432 2489 3499 Plerique
2527 3434 2695 3501 intpp.

1661 3506 1808 3555 innui
1826 3508 2097 3557 credebaut
2121 3511 2364 3559 annulum
2386 3513 2565 3575 equitis
2590 3516 2694 3561 fre-

1661 3589 1834 3650 quenti
1867 3588 2016 3636 saliva
2041 3588 2360 3647 lubricatum,
2397 3602 2446 3639 et
2474 3602 2694 3642 ostenta-

1661 3667 1812 3715 tionis
1833 3684 1977 3716 causa
1999 3668 2230 3718 indutum
2258 3670 2439 3735 saepius
2456 3686 2514 3719 ae
2533 3672 2699 3721 detra·

1660 3756 1822 3807 ctum;
1851 3745 1900 3797 N
1905 3748 1966 3797 ic.
1984 3764 2104 3797 vero
2125 3749 2385 3807 Heinsius,
2405 3750 2470 3799 ab
2499 3753 2697 3801 nenni-

1661 3826 1750 3873 uio
1781 3827 2065 3885 consultus,
2101 3840 2242 3877 notas
2280 3830 2464 3877 amoris
2497 3830 2696 3895 liquore

1662 3904 1766 3953 vini
1793 3905 1850 3953 in
1873 3922 2040 3955 mensa
2065 3908 2252 3957 ductas.
2279 3908 2391 3957 Alia
2413 3926 2516 3957 non
2535 3912 2696 3975 magis

1659 3985 1940 4050 probabilia
1969 3990 2226 4051 coniecere
2250 3991 2394 4039 Voss.
2425 3992 2488 4039 ad
2513 3992 2692 4044 catull.

1659 4080 1768 4131 pag.
1791 4063 1886 4131 ⁵9,
1912 4068 1997 4117 60.
2023 4067 2297 4117 Politiauus
2325 4070 2477 4134 Epist.
2493 4073 2600 4131 XI,
2625 4072 2690 4132 63
