3050 4884
501 323 629 413 378
1049 327 1134 392 D.
1187 326 1463 392 JUNII
1514 325 2086 392 JUVENALIS

496 439 859 511 AEdificare
893 443 1162 532 domos,
1195 441 1932 536 Laribusfconjungere
1969 443 2216 512 nostris

496 552 782 622 Tectum
812 551 1023 639 aliud,
1058 567 1239 622 tutos
1266 552 1490 622 vicino
1521 550 1753 620 limine
1785 576 2058 622 somnos

496 663 598 732 Ut
626 660 866 732 collata
894 661 1086 732 daret
1118 661 1403 752 fiducia3
1438 677 1798 758 protegere
1826 661 2029 733 armis
2547 677 2647 732 155

498 774 830 867 Lapsum,
868 787 985 842 aut
1012 774 1277 868 ingenti
1306 787 1660 845 nutantem
1689 770 1970 841 vulnere
2001 771 2252 858 civem,

502 883 867 952 Communi
894 883 1057 953 dare
1086 884 1279 978 signa
1311 883 1506 968 tuba,
1535 881 1891 952 defendier
1919 881 2136 951 ‘isdem

497 993 858 1081 Turribus,
894 1010 1097 1088 atque
1130 1018 1269 1064 una
1298 1009 1652 1089 portarum
1686 992 1873 1064 clave
1907 992 2148 1063 teneri.

595 1102 729 1171 Sed
749 1103 895 1196 jam
924 1117 1319 1198 serpentum
1350 1105 1568 1199 major
1599 1102 1964 1174 concordia
1993 1127 2014 1172 ε
2049 1103 2264 1197 parcit

498 1212 827 1307 Cognatis
854 1212 1137 1284 maculis
1166 1213 1397 1284 similis
1423 1212 1604 1284 fera:
1637 1211 1910 1307 quando
1944 1205 2122 1282 leoni
2547 1226 2650 1278 160

499 1320 768 1390 Fortior
796 1323 1048 1418 eripuit
1077 1324 1289 1394 vitam
1322 1322 1469 1394 leo?
1498 1346 1640 1417 quo
1674 1313 1958 1392 nemore
1989 1342 2312 1417 umquam

498 1429 887 1525 Exspiravit
923 1455 1091 1527 aper
1124 1431 1406 1526 majoris
1435 1432 1756 1502 dentibus
1789 1429 1978 1527 apri?

499 1539 739 1610 Indica
768 1540 960 1635 tigris
988 1543 1136 1635 agit
1168 1541 1403 1612 rabida
1434 1567 1596 1612 cum
1631 1540 1874 1636 tigride
1908 1565 2142 1636 paoem

504 1648 945 1744 Perpetuam3
978 1651 1171 1734 saevis
1204 1651 1386 1720 inter
1419 1675 1492 1720 se
1525 1652 1850 1721 convenit
1877 1650 2072 1720 ursis.

502 1753 628 1826 Ast
656 1758 923 1828 homini
954 1758 1211 1830 ferrum
1247 1758 1443 1831 letale
1472 1761 1719 1831 incude
1755 1759 2050 1832 nefanda
2341 1803 2348 1814 ·
2557 1765 2655 1820 165

504 1866 906 1940 Produxisse
938 1892 1181 1962 parum
1210 1884 1349 1956 est3
1378 1893 1592 1962 quum
1625 1883 1838 1938 rastra
1868 1885 1940 1938 et
1965 1865 2228 1940 sarcula
2257 1881 2524 1936 tantum

504 1973 785 2046 Adsueti
818 2001 1139 2071 coquere,
1178 1993 1251 2046 et
1275 1979 1515 2047 marris
1548 2003 1628 2050 ac
1659 2004 1937 2048 vomere
1969 1978 2120 2048 lassi

504 2084 905 2156 Nescierint
934 2086 1137 2180 primi
1172 2084 1429 2181 gladios
1460 2088 1830 2159 extundere
1863 2087 2062 2158 fabri.

514 2193 949 2288 Adspicimus
980 2195 1303 2290 populos,
1338 2221 1630 2293 quorum
1658 2225 1799 2270 non
1829 2197 2082 2268 sufficit
2117 2196 2234 2266 irae

506 2301 852 2372 Occidisse
889 2303 1219 2399 aliquem3
1258 2306 1376 2375 sed
1412 2323 1716 2403 pectora,
1749 2309 2054 2395 brachia,
2091 2305 2356 2375 vultum
2548 2337 2646 2392 170

508 2413 941 2487 crediderint
970 2441 1187 2512 genus
1217 2442 1363 2490 esse
1392 2417 1527 2490 cibi
1560 2444 1578 2488 ε
1617 2419 1784 2514 quid
1815 2419 2072 2490 diceret
2097 2443 2292 2514 erge,

512 2646 654 2704 quas
706 2627 895 2686 nostri
944 2628 1193 2704 majores
1236 2627 1573 2686 incolebant
1589 2669 1612 2698 ,
1662 2627 1878 2686 relictis
1893 2669 1912 2699 ,
1957 2627 2166 2686 domos
2203 2624 2458 2684 condere
2473 2665 2491 2696 ‚
2525 2623 2664 2680 alins

396 2762 403 2772 .
510 2718 637 2778 aliis
670 2719 1008 2793 adnectere,
1048 2731 1109 2779 et
1142 2721 1223 2780 its
1256 2722 1469 2796 majori
1500 2721 1807 2780 securitate
1839 2739 2112 2778 somnum
2145 2737 2380 2796 capere,
2419 2727 2664 2793 propter

510 2821 774 2870 mutuam
818 2813 1029 2870 aedinm
1076 2813 1291 2872 nostris
1328 2813 1774 2889 conjunctarum
1815 2811 2118 2872 fidentiam
2134 2856 2153 2885 ‚
2199 2829 2495 2888 possemus
2537 2828 2552 2864 =
2599 2818 2668 2866 ut

511 2904 699 2963 civem
734 2905 1088 2982 quemlibet,
1130 2916 1231 2964 aut
1268 2918 1661 2982 prostratum,
1701 2918 1802 2965 aut
1833 2925 1954 2983 prae
1993 2905 2206 2982 grandi
2239 2905 2488 2962 vulnere
2525 2901 2666 2958 titu-

512 2995 750 3054 bantem
782 3007 1127 3075 protegere,
1162 2999 1385 3056 henum
1420 3000 1748 3074 conjunctis
1781 2999 2004 3058 viribus
2035 3010 2097 3057 et
2131 2997 2391 3056 buccinis
2421 2995 2664 3066 inferre,

511 3088 719 3148 iisdem
742 3089 1033 3148 moenibus
1051 3109 1118 3150 ac
1145 3091 1600 3169 propugnaculis
1629 3092 1859 3150 hostem
1887 3110 2116 3165 arcere,
2147 3101 2208 3149 et
2235 3089 2496 3166 ejusdem
2522 3087 2666 3144 civi-

512 3182 645 3240 tatis
664 3183 855 3240 clausa
878 3195 1052 3258 porta
1074 3183 1385 3242 contineri.

598 3273 730 3352 159.
772 3277 945 3332 Nunc
967 3275 1157 3352 major
1185 3275 1341 3334 inter
1370 3294 1588 3354 angues
1601 3317 1622 3347 ,
1661 3295 1838 3354 quam
1871 3278 2026 3336 inter
2057 3277 2324 3334 homines
2359 3272 2663 3332 consensio

511 3379 619 3426 est.
667 3370 827 3426 Ferae
874 3386 1000 3428 non
1051 3366 1297 3426 saeviunt
1342 3367 1409 3426 in
1452 3368 1604 3427 feras
1648 3369 1850 3428 eadem
1901 3371 2056 3446 pelle
2105 3379 2414 3429 contectas.
2465 3368 2668 3438 Quan-

510 3445 727 3518 domm
758 3459 919 3517 leoni
954 3461 1051 3516 leo
1088 3459 1393 3518 robustior
1423 3460 1606 3518 vitam
1641 3461 1858 3536 eripuit
1875 3461 1902 3516 P
1941 3463 2070 3532 Qua
2105 3461 2170 3518 in
2203 3461 2350 3518 silva
2385 3459 2669 3536 grandior

507 3571 651 3627 aper
679 3571 889 3628 aprum
913 3551 1187 3610 dentibus
1214 3553 1491 3612 laceravit
1506 3555 1533 3609 i*
1566 3553 1758 3631 Tigris
1793 3554 1996 3612 Indica
2029 3573 2163 3612 cum
2198 3553 2321 3612 aliis
2355 3551 2670 3628 tigridibus

512 3643 619 3702 etsi
638 3643 955 3704 furibunda
982 3663 1183 3720 pacem
1208 3646 1381 3704 colit:
1414 3647 1572 3704 inter
1601 3666 1768 3706 ursos
1797 3648 2111 3706 concordis
2143 3647 2320 3722 viget.
2351 3645 2670 3703 Hominum

510 3754 655 3794 vero
680 3737 989 3796 crudelitas
1008 3757 1130 3796 non
1154 3739 1289 3798 satis
1306 3739 1484 3797 habet
1508 3739 1734 3797 ferrum
1755 3741 1820 3797 in
1843 3758 2004 3798 enses
2029 3738 2307 3798 nefandas
2323 3737 2670 3804 fabricasse,

510 3849 695 3906 quum
726 3831 901 3906 primi
936 3832 1092 3890 fabri
1124 3833 1355 3892 ferrarii
1387 3833 1610 3910 gladIos
1641 3851 1898 3910 coquere
1933 3834 2278 3910 ignorarent
2294 3873 2313 3902 ,
2353 3849 2420 3887 ac
2452 3828 2670 3887 mutina

514 3933 739 3984 tautum
772 3924 1157 3982 instrumenta
1173 3966 1190 3996 ‚
1220 3937 1433 3999 rastra,
1482 3928 1738 3986 sarculos
1757 3965 1777 3996 ,
1803 3943 2026 3983 martas
2051 3934 2111 3982 et
2143 3941 2412 3982 vomeres
2433 3920 2698 3997 produ-·

512 4027 729 4076 cerent.
774 4017 893 4076 Sed
926 4016 1192 4076 vids-us
1238 4018 1408 4078 etism
1452 4031 1656 4098 gentes
1695 4019 1950 4096 integras
1965 4059 1982 4090 ,
2026 4019 2240 4095 quibus
2267 4017 2356 4076 ira
2383 4013 2668 4072 succensis

512 4122 629 4170 tam
667 4130 871 4187 parum
900 4110 976 4172 sit
1008 4112 1269 4171 homines
1308 4126 1612 4186 mactasse,
1649 4125 1717 4172 ut
1755 4131 1966 4172 eorum
1999 4113 2262 4172 membra
2281 4151 2299 4182 ,
2351 4109 2580 4167 vultum
2605 4111 2694 4164 et'
