3050 4884
542 373 670 462 370
1089 373 1170 436 n.
1230 371 1508 436 simu
1563 368 2139 435 JUVENALIS

540 488 858 574 Alcinoo,
895 485 1099 556 bilem
1125 501 1245 554 aut
1276 487 1487 555 risum
1516 484 1797 554 fortasse
1823 483 2222 578 quibusdam
2619 491 2679 544 15

542 601 887 686 Moverat,
915 613 994 666 ut
1020 597 1304 666 mendax
1331 593 1729 692 aretaloguS.
1771 624 1806 659 «
1825 597 1910 664 In
1941 619 2126 663 mare
2154 617 2353 662 nemo

538 713 743 780 Hunc
768 708 1005 794 abicit,
1041 731 1213 776 saeva
1237 706 1523 801 dignum
1550 729 1838 800 veraque
1864 701 2242 798 Charybdi,

538 820 941 915 Fingentem
969 819 1295 886 immanes
1318 819 1788 911 Laestrygonas
1823 829 2023 910 atque
2049 808 2422 908 Cyclopas?

538 932 717 1002 Nam
745 929 940 1000 citius
966 924 1290 1022 Scyllam,
1329 925 1433 996 vel
1462 924 1938 996 concurrentia
1963 947 2116 993 saxa

536 1045 869 1135 CyaneaS‚
902 1035 1137 1132 plenos
1164 1051 1233 1106 et
1260 1035 1761 1131 tempestatibus
1788 1048 1974 1103 utres
2617 1063 2685 1097 ιο

540 1148 957 1222 Crediderim
972 1200 992 1234 ‚
1026 1161 1143 1216 aut
1168 1147 1354 1216 tenui
1385 1169 1776 1242 percussum
1807 1143 2089 1213 verbere
2123 1143 2354 1214 Circes
2367 1195 2386 1228 ‚

538 1263 631 1330 Et
658 1283 813 1329 cum
848 1257 1214 1352 remigibus
1245 1256 1601 1354 grunnisse
1633 1252 1973 1349 Elpenora
2003 1253 2249 1350 porcis.

539 1373 706 1440 Tam
736 1371 935 1439 vacui
965 1369 1202 1463 capitis
1229 1364 1558 1462 populum
1587 1363 1866 1434 Phaeaca
1892 1362 2194 1459 putavit?
2215 1393 2250 1430 ι)

538 1480 651 1552 Sic
676 1479 921 1572 aliquis
950 1478 1193 1547 merito
1224 1477 1530 1546 nondum
1554 1475 1808 1560 ebrius,
1848 1488 1918 1542 et
1943 1473 2298 1543 minimum
2322 1473 2438 1565 qui

538 1593 644 1660 De
679 1593 1033 1684 Corcyraea
1060 1602 1385 1657 temetum
1420 1585 1704 1656 duxerat
1735 1609 1908 1653 urna
1938 1609 1954 1651 ε
2625 1593 2690 1649 25

540 1698 737 1771 Solus
762 1699 942 1768 enim
969 1695 1104 1766 hoc
1136 1695 1411 1766 Ithacus
1444 1693 1632 1764 nullo
1667 1694 1791 1762 sub
1819 1706 1987 1761 teste
2016 1689 2315 1760 canebat.

642 1811 787 1880 Nos
816 1806 1123 1877 miranda
1151 1805 1463 1900 quidem,
1493 1803 1612 1873 sed
1643 1827 1868 1897 nuper
1895 1799 2166 1870 consule
2193 1803 2230 1868 J
2237 1801 2402 1868 unio

547 1921 755 1988 Gesta
786 1941 990 2011 super
1024 1914 1253 1986 calidae
1289 1914 1656 1984 referemus
1689 1909 1940 1981 moenia
1964 1911 2204 2004 Copti;

544 2028 690 2098 Nos
718 2024 907 2121 vulgi
943 2022 1153 2094 scelus
1170 2077 1190 2112 ‚
1230 2039 1299 2093 et
1324 2024 1586 2094 cunctis
1615 2021 1926 2118 graviora
1952 2020 2322 2090 cothurnis,
2627 2053 2696 2102 29

545 2136 722 2206 Nam
745 2132 957 2204 scelus
982 2159 1023 2201 a
1047 2133 1342 2229 Pyrrha,
1375 2157 1784 2228 quamquam
1814 2130 2044 2200 omnia
2069 2145 2362 2225 syrmata
2383 2127 2644 2216 volvaS,

549 2416 582 2454 e
610 2395 871 2452 convivis
892 2392 1076 2470 aliqui
1102 2403 1205 2450 aut
1226 2393 1548 2466 irriserint,
1580 2405 1684 2460 aut
1701 2394 1874 2451 etiam
1895 2391 2235 2450 stomachati
2253 2390 2399 2464 sint,
2427 2403 2601 2469 attpse
2631 2403 2699 2448 ut

549 2488 749 2564 inepto
784 2487 1121 2545 circulatori
1153 2468 1604 2545 succensuerint.
1653 2489 1916 2544 Nemone
1951 2487 2106 2542 hunc
2141 2485 2522 2544 fabulatorem
2542 2525 2562 2555 ,
2605 2485 2700 2542 in-

550 2580 857 2656 quiebant,
886 2579 951 2636 in
974 2595 1134 2636 mare
1164 2577 1439 2654 projicit?
1470 2580 1694 2655 Dignus
1718 2572 1806 2638 'est
1825 2577 2090 2656 profecto
2113 2578 2216 2653 qui
2248 2573 2619 2656 demergatur
2637 2579 2706 2636 in

548 2691 747 2730 veram
778 2669 1135 2746 Charybdim
1150 2711 1167 2741 ,
1195 2689 1319 2726 non
1344 2667 1561 2742 fictam,
1593 2673 1824 2747 qualem
1851 2671 2022 2727 nobis
2053 2671 2356 2746 descripsit
2372 2665 2402 2738 ‚²
2423 2685 2604 2746 quum
2625 2671 2706 2727 de

550 2763 1005 2840 Laestrigonibus
1026 2773 1085 2820 et
1106 2763 1461 2839 Cyclopibus
1479 2774 1598 2818 tam
1618 2763 2011 2831 incredibilia,
2035 2775 2154 2820 tam
2171 2763 2428 2821 crudelia
2445 2763 2702 2819 facinora

550 2855 721 2913 nobis
750 2853 1018 2912 affirmet.
1044 2853 1289 2911 Facilius
1314 2856 1471 2911 enim
1504 2854 1650 2911 mihi
1669 2854 2056 2930 persuaserim
2093 2875 2221 2931 quae
2252 2856 2327 2912 de
2357 2857 2549 2932 Scylla
2569 2897 2588 2926 ‚
2629 2854 2705 2912 de

554 2947 799 3024 Cyaneis
816 2947 1069 3022 scopulis
1084 2984 1102 3016 ,
1127 2946 1285 3007 inter
1300 2965 1362 3005 se
1379 2947 1588 3010 collidi·
1603 2947 1788 3004 solitis
1799 2989 1818 3018 ‚
1844 2947 1922 3004 de
1939 2947 2376 3022 tempestatibus
2397 2946 2460 3003 in
2477 2963 2703 3004 saccum

554 3038 810 3106 inclusis,
834 3039 909 3096 de
926 3041 1217 3112 Elpenore
1236 3055 1271 3092 a
1290 3039 1462 3098 Circe
1476 3039 1646 3118 virga
1663 3041 1874 3098 leviter
1889 3039 2217 3112 verberato,
2237 3052 2298 3097 ct
2313 3057 2442 3097 oum
2467 3039 2707 3115 remigi-

554 3133 667 3190 bus
692 3131 805 3205 jam
820 3149 1056 3205 quoque
1079 3131 1532 3206 grunnientibus
1559 3133 1620 3188 in
1643 3151 1890 3207 porcum
1911 3143 2159 3203 mutato,
2179 3143 2382 3190 narrat
2394 3171 2415 3201 ‚
2443 3147 2617 3206 quum
2629 3132 2710 3188 dc

556 3222 893 3280 hominibus
914 3221 1191 3281 humanas
1220 3239 1420 3280 carnes
1446 3222 1888 3296 devorantibus.
1912 3227 2007 3280 An
2029 3225 2286 3280 Phaeacas
2315 3235 2429 3278 tam
2461 3223 2710 3280 stolidos

558 3334 681 3374 esse
698 3313 1013 3388 judicavit,
1035 3321 1105 3368 ut
1120 3313 1235 3370 hoc
1250 3312 1365 3370 sihi
1377 3311 1692 3372 affirmanti
1707 3314 2054 3372 crederent?-
2071 3316 2160 3370 Ita
2180 3313 2346 3388 toqui
2369 3313 2714 3389 merimpo-

559 3409 763 3468 tuisset
778 3406 987 3482 aliquis
998 3404 1381 3464 convivarum
1392 3445 1409 3477 ,
1423 3409 1692 3466 nondum
1709 3409 1924 3479 ebrius,
1941 3409 2045 3484 qui
2065 3408 2361 3472 minimam
2380 3407 2570 3466 adhuc
2579 3410 2712 3468 vini

560 3499 737 3578 patrii
752 3499 981 3573 copiam
994 3499 1279 3556 hauserat.
1301 3497 1535 3575 Quippe
1553 3500 1791 3578 Ulysses
1809 3519 1876 3564 ea
1891 3501 2054 3557 nullo
2061 3509 2378 3560 attestante
2395 3504 2708 3560 asserelnt‘.

642 3610 739 3662 27.
780 3591 905 3646 Nos
944 3589 1161 3648 mirum
1186 3589 1424 3664 quidem
1450 3590 1672 3648 facinus
1697 3591 1996 3650 {sanaturi
2029 3605 2255 3664 sumas,
2283 3593 2387 3650 scd
2425 3595 2488 3650 in
2519 3595 2708 3653 medin

560 3683 816 3758 AEgypto
846 3697 1033 3756 prope
1056 3684 1310 3757 Coptum
1330 3682 1489 3740 haud
1510 3683 1593 3739 ita
1614 3683 1844 3758 pridem
1859 3723 1877 3754 ‚
1893 3681 2077 3739 lunio
2099 3683 2316 3741 Sabino
2338 3677 2539 3742 Romus
2559 3702 2712 3744 conv

560 3773 807 3830 nuatum
833 3783 1103 3848 gerente,
1127 3783 1560 3847 perpetratum3
1589 3773 1768 3832 totins
1793 3773 2100 3848 eujusda-
2123 3773 2330 3850 populi
2346 3778 2592 3850 crimen,
2619 3789 2712 3836 atq

558 3883 673 3940 que
696 3863 849 3921 adeo
880 3883 1087 3922 eorum
1114 3865 1377 3924 omnium
1402 3885 1534 3941 quae
1571 3865 1636 3922 in
1669 3864 1966 3942 tragoediis
1997 3867 2348 3926 exhihentur
2371 3871 2710 3946 gravitatem

436 3969 441 3976 ·
558 3973 875 4030 superans3
914 3953 1201 4030 siquidem
1222 3995 1241 4030 ,
1290 3957 1399 4014 etsi
1434 3975 1638 4014 onmes
1685 3957 1991 4034 tmgoedins
2007 3996 2027 4030 ‚-
2077 3977 2208 4035 quae
2245 3971 2380 4035 poet
2409 3955 2708 4018 hominum

556 4067 739 4126 genus
778 4067 813 4104 a
859 4048 1231 4106 Deucalionis
1280 4049 1505 4108 diluvio
1551 4055 1754 4106 natum
1793 4050 2133 4126 conscripta
2151 4064 2318 4109 .·sunt
2331 4093 2350 4124 ,
2404 4053 2678 4111 scruteris
2691 4087 2708 4121 ‚-

556 4142 781 4200 nullum
808 4141 992 4198 scelus
1018 4139 1095 4196 ab
1123 4151 1249 4200 toto
1273 4143 1499 4216 populo
1531 4143 1923 4204 communiter
1943 4145 2256 4204 admissum
2285 4147 2560 4205 invenies.
2589 4147 2710 4204 Te-
