<?xml version="1.0" encoding="UTF-8"?>
<!DOCTYPE html PUBLIC "-//W3C//DTD XHTML 1.0 Transitional//EN"
    "http://www.w3.org/TR/xhtml1/DTD/xhtml1-transitional.dtd">
<html xmlns="http://www.w3.org/1999/xhtml" xml:lang="en" lang="en">
 <head>
  <title>
</title>
<meta http-equiv="Content-Type" content="text/html;charset=utf-8" />
  <meta name='ocr-system' content='tesseract 3.04.00' />
  <meta name='ocr-capabilities' content='ocr_page ocr_carea ocr_par ocr_line ocrx_word'/>
</head>
<body>
  <div class='ocr_page' id='page_1' title='image "./djuniijuvenalis00jouvgoog/djuniijuvenalis00jouvgoog_0298.png"; bbox 0 0 3050 4884; ppageno 0'>
   <div class='ocr_carea' id='block_1_1' title="bbox 670 369 2564 459">
    <p class='ocr_par' dir='ltr' id='par_1_1' title="bbox 670 369 2564 459">
     <span class='ocr_line' id='line_1_1' title="bbox 670 369 2564 459; baseline -0.005 -15"><span class='ocrx_word' id='word_1_1' title='bbox 670 377 777 444; x_wconf 87' lang='lat' dir='ltr'><strong>IN</strong></span> <span class='ocrx_word' id='word_1_2' title='bbox 820 377 1277 444; x_wconf 82' lang='lat' dir='ltr'><strong>SATIRAM</strong></span> <span class='ocrx_word' id='word_1_3' title='bbox 1322 371 1804 438; x_wconf 83' lang='lat' dir='ltr'>DECIMAM</span> <span class='ocrx_word' id='word_1_4' title='bbox 1849 373 2338 440; x_wconf 81' lang='lat' dir='ltr'><strong>TERTIAM.</strong></span> <span class='ocrx_word' id='word_1_5' title='bbox 2441 369 2564 459; x_wconf 80' lang='lat'><strong>293</strong></span> 
     </span>
    </p>
   </div>
   <div class='ocr_carea' id='block_1_2' title="bbox 436 485 2573 649">
    <p class='ocr_par' dir='ltr' id='par_1_2' title="bbox 436 485 2573 649">
     <span class='ocr_line' id='line_1_2' title="bbox 436 485 2573 558; baseline -0.003 -13"><span class='ocrx_word' id='word_1_6' title='bbox 436 491 535 558; x_wconf 62' lang='lat'><strong>43,</strong></span> <span class='ocrx_word' id='word_1_7' title='bbox 562 503 615 546; x_wconf 86' lang='lat' dir='ltr'><strong>et</strong></span> <span class='ocrx_word' id='word_1_8' title='bbox 634 493 756 546; x_wconf 87' lang='lat' dir='ltr'><strong>Sen.</strong></span> <span class='ocrx_word' id='word_1_9' title='bbox 783 493 913 547; x_wconf 82' lang='lat' dir='ltr'><strong>Nat.</strong></span> <span class='ocrx_word' id='word_1_10' title='bbox 938 492 1136 558; x_wconf 70' lang='lat' dir='ltr'><strong>Quaest.</strong></span> <span class='ocrx_word' id='word_1_11' title='bbox 1158 491 1243 542; x_wconf 85' lang='lat' dir='ltr'><strong>VI</strong></span> <span class='ocrx_word' id='word_1_12' title='bbox 1257 528 1272 553; x_wconf 90' lang='lat'><strong>,</strong></span> <span class='ocrx_word' id='word_1_13' title='bbox 1291 490 1343 542; x_wconf 87' lang='lat'><strong>3.</strong></span> <span class='ocrx_word' id='word_1_14' title='bbox 1360 517 1433 530; x_wconf 89' lang='lat'><strong>—-</strong></span> <span class='ocrx_word' id='word_1_15' title='bbox 1452 493 1714 538; x_wconf 71' lang='lat' dir='ltr'><strong>Ventorum</strong></span> <span class='ocrx_word' id='word_1_16' title='bbox 1739 489 1902 554; x_wconf 75' lang='lat' dir='ltr'><strong>rabie,</strong></span> <span class='ocrx_word' id='word_1_17' title='bbox 1922 505 1988 541; x_wconf 86' lang='lat' dir='ltr'><strong>ex</strong></span> <span class='ocrx_word' id='word_1_18' title='bbox 2013 485 2268 541; x_wconf 83' lang='lat' dir='ltr'><strong>conflictu</strong></span> <span class='ocrx_word' id='word_1_19' title='bbox 2291 500 2573 542; x_wconf 78' lang='lat' dir='ltr'><strong>ventorum</strong></span> 
     </span>
     <span class='ocr_line' id='line_1_3' title="bbox 438 570 1773 649; baseline -0.004 -23"><span class='ocrx_word' id='word_1_20' title='bbox 438 573 793 649; x_wconf 80' lang='lat' dir='ltr'><strong>nubiumque.</strong></span> <span class='ocrx_word' id='word_1_21' title='bbox 818 574 977 629; x_wconf 81' lang='lat' dir='ltr'><strong>Conf.</strong></span> <span class='ocrx_word' id='word_1_22' title='bbox 998 574 1121 628; x_wconf 79' lang='lat' dir='ltr'><strong>Sen.</strong></span> <span class='ocrx_word' id='word_1_23' title='bbox 1142 576 1269 626; x_wconf 75' lang='lat' dir='ltr'><strong>Nat.</strong></span> <span class='ocrx_word' id='word_1_24' title='bbox 1293 574 1498 638; x_wconf 72' lang='lat' dir='ltr'><strong>Quaest.</strong></span> <span class='ocrx_word' id='word_1_25' title='bbox 1522 570 1550 623; x_wconf 92' lang='lat'>1</span> <span class='ocrx_word' id='word_1_26' title='bbox 1566 608 1583 635; x_wconf 88' lang='lat'><strong>,</strong></span> <span class='ocrx_word' id='word_1_27' title='bbox 1613 589 1636 620; x_wconf 87' lang='lat'>1</span> <span class='ocrx_word' id='word_1_28' title='bbox 1662 587 1773 641; x_wconf 81' lang='lat' dir='ltr'><strong>seq.</strong></span> 
     </span>
    </p>
   </div>
   <div class='ocr_carea' id='block_1_3' title="bbox 441 739 2579 1223">
    <p class='ocr_par' dir='ltr' id='par_1_3' title="bbox 441 739 2579 1223">
     <span class='ocr_line' id='line_1_4' title="bbox 508 739 2576 808; baseline -0.001 -18"><span class='ocrx_word' id='word_1_29' title='bbox 508 745 646 793; x_wconf 62' lang='lat' dir='ltr'><strong>Van.</strong></span> <span class='ocrx_word' id='word_1_30' title='bbox 683 746 805 795; x_wconf 84' lang='grc'><strong>336.</strong></span> <span class='ocrx_word' id='word_1_31' title='bbox 844 743 924 801; x_wconf 81' lang='lat' dir='ltr'><strong>Ue,</strong></span> <span class='ocrx_word' id='word_1_32' title='bbox 943 757 1037 808; x_wconf 79' lang='lat' dir='ltr'><strong>pro</strong></span> <span class='ocrx_word' id='word_1_33' title='bbox 1057 752 1133 804; x_wconf 78' lang='lat' dir='ltr'><strong>et,</strong></span> <span class='ocrx_word' id='word_1_34' title='bbox 1157 743 1239 802; x_wconf 84' lang='lat'><strong>16,</strong></span> <span class='ocrx_word' id='word_1_35' title='bbox 1266 757 1351 804; x_wconf 83' lang='lat'><strong>19,</strong></span> <span class='ocrx_word' id='word_1_36' title='bbox 1376 757 1482 790; x_wconf 87' lang='lat' dir='ltr'><strong>non</strong></span> <span class='ocrx_word' id='word_1_37' title='bbox 1506 741 1630 789; x_wconf 73' lang='lat' dir='ltr'><strong>male</strong></span> <span class='ocrx_word' id='word_1_38' title='bbox 1644 777 1660 802; x_wconf 89' lang='lat'>,</span> <span class='ocrx_word' id='word_1_39' title='bbox 1684 749 1735 788; x_wconf 83' lang='lat' dir='ltr'><strong>et</strong></span> <span class='ocrx_word' id='word_1_40' title='bbox 1751 739 1898 804; x_wconf 72' lang='lat' dir='ltr'><strong>pmii.</strong></span> <span class='ocrx_word' id='word_1_41' title='bbox 1916 741 1979 789; x_wconf 81' lang='grc' dir='ltr'><strong>Η.</strong></span> <span class='ocrx_word' id='word_1_42' title='bbox 1997 741 2159 788; x_wconf 69' lang='lat' dir='ltr'><strong>vales.</strong></span> <span class='ocrx_word' id='word_1_43' title='bbox 2174 767 2244 778; x_wconf 92' lang='lat'><strong>—-</strong></span> <span class='ocrx_word' id='word_1_44' title='bbox 2264 740 2506 802; x_wconf 68' lang='lat' dir='ltr'><strong>Vindicet,</strong></span> <span class='ocrx_word' id='word_1_45' title='bbox 2525 757 2576 802; x_wconf 80' lang='lat'><strong>7,</strong></span> 
     </span>
     <span class='ocr_line' id='line_1_5' title="bbox 451 821 2579 893; baseline -0.001 -18"><span class='ocrx_word' id='word_1_46' title='bbox 451 843 531 889; x_wconf 81' lang='lat' dir='ltr'><strong>ro,</strong></span> <span class='ocrx_word' id='word_1_47' title='bbox 556 830 637 890; x_wconf 77' lang='lat'><strong>13,</strong></span> <span class='ocrx_word' id='word_1_48' title='bbox 661 829 743 890; x_wconf 85' lang='lat'><strong>16,</strong></span> <span class='ocrx_word' id='word_1_49' title='bbox 768 845 848 893; x_wconf 81' lang='lat'><strong>19,</strong></span> <span class='ocrx_word' id='word_1_50' title='bbox 866 844 951 889; x_wconf 86' lang='grc' dir='ltr'><strong>3ο,</strong></span> <span class='ocrx_word' id='word_1_51' title='bbox 972 841 1196 888; x_wconf 68' lang='grc'><strong>33-37,</strong></span> <span class='ocrx_word' id='word_1_52' title='bbox 1218 840 1302 890; x_wconf 86' lang='grc'><strong>39,</strong></span> <span class='ocrx_word' id='word_1_53' title='bbox 1326 825 1534 882; x_wconf 72' lang='lat'><strong>45-50</strong></span> <span class='ocrx_word' id='word_1_54' title='bbox 1580 825 1809 888; x_wconf 72' lang='lat'><strong>54—69,</strong></span> <span class='ocrx_word' id='word_1_55' title='bbox 1835 832 2042 886; x_wconf 70' lang='lat'>71—74</span> <span class='ocrx_word' id='word_1_56' title='bbox 2063 838 2083 884; x_wconf 75' lang='lat'>3</span> <span class='ocrx_word' id='word_1_57' title='bbox 2107 821 2316 873; x_wconf 73' lang='lat' dir='ltr'><strong>dimidia</strong></span> <span class='ocrx_word' id='word_1_58' title='bbox 2346 827 2444 873; x_wconf 79' lang='lat' dir='ltr'><strong>fere</strong></span> <span class='ocrx_word' id='word_1_59' title='bbox 2463 841 2579 889; x_wconf 66' lang='lat' dir='ltr'><strong>pars</strong></span> 
     </span>
     <span class='ocr_line' id='line_1_6' title="bbox 442 905 2579 974; baseline -0.001 -16"><span class='ocrx_word' id='word_1_60' title='bbox 442 909 601 959; x_wconf 80' lang='lat' dir='ltr'><strong>Codd.</strong></span> <span class='ocrx_word' id='word_1_61' title='bbox 629 911 803 974; x_wconf 69' lang='lat' dir='ltr'><strong>Paria„</strong></span> <span class='ocrx_word' id='word_1_62' title='bbox 822 927 917 960; x_wconf 82' lang='lat' dir='ltr'><strong>nec</strong></span> <span class='ocrx_word' id='word_1_63' title='bbox 940 919 1102 960; x_wconf 77' lang='lat' dir='ltr'><strong>tamen</strong></span> <span class='ocrx_word' id='word_1_64' title='bbox 1128 909 1321 968; x_wconf 83' lang='lat' dir='ltr'><strong>melior,</strong></span> <span class='ocrx_word' id='word_1_65' title='bbox 1338 909 1536 956; x_wconf 82' lang='lat' dir='ltr'><strong>etServ.</strong></span> <span class='ocrx_word' id='word_1_66' title='bbox 1559 907 1624 955; x_wconf 84' lang='lat' dir='ltr'><strong>ad</strong></span> <span class='ocrx_word' id='word_1_67' title='bbox 1636 908 1775 972; x_wconf 70' lang='lat' dir='ltr'><strong>virg.</strong></span> <span class='ocrx_word' id='word_1_68' title='bbox 1794 905 1985 954; x_wconf 76' lang='lat' dir='ltr'><strong>AEneid.</strong></span> <span class='ocrx_word' id='word_1_69' title='bbox 2003 908 2092 968; x_wconf 82' lang='lat' dir='ltr'><strong>VI,</strong></span> <span class='ocrx_word' id='word_1_70' title='bbox 2119 923 2231 970; x_wconf 84' lang='lat'><strong>179.</strong></span> <span class='ocrx_word' id='word_1_71' title='bbox 2249 908 2346 957; x_wconf 80' lang='lat' dir='ltr'><strong>Sed</strong></span> <span class='ocrx_word' id='word_1_72' title='bbox 2363 907 2579 973; x_wconf 73' lang='lat' dir='ltr'><strong>exquisi-</strong></span> 
     </span>
     <span class='ocr_line' id='line_1_7' title="bbox 442 989 2573 1058; baseline -0.001 -19"><span class='ocrx_word' id='word_1_73' title='bbox 442 991 540 1040; x_wconf 76' lang='lat' dir='ltr'><strong>tius</strong></span> <span class='ocrx_word' id='word_1_74' title='bbox 564 991 980 1058; x_wconf 71' lang='lat' dir='ltr'><strong>videm-judicet.</strong></span> <span class='ocrx_word' id='word_1_75' title='bbox 1000 991 1183 1054; x_wconf 78' lang='lat' dir='ltr'><strong>indicis</strong></span> <span class='ocrx_word' id='word_1_76' title='bbox 1203 990 1343 1055; x_wconf 76' lang='lat' dir='ltr'><strong>qnasi</strong></span> <span class='ocrx_word' id='word_1_77' title='bbox 1360 1005 1628 1056; x_wconf 83' lang='lat' dir='ltr'><strong>personam</strong></span> <span class='ocrx_word' id='word_1_78' title='bbox 1642 1000 1766 1056; x_wconf 78' lang='lat' dir='ltr'><strong>agat,</strong></span> <span class='ocrx_word' id='word_1_79' title='bbox 1778 989 2068 1038; x_wconf 74' lang='lat' dir='ltr'><strong>sententiam</strong></span> <span class='ocrx_word' id='word_1_80' title='bbox 2085 991 2224 1054; x_wconf 82' lang='lat' dir='ltr'><strong>quasi</strong></span> <span class='ocrx_word' id='word_1_81' title='bbox 2241 990 2305 1039; x_wconf 81' lang='lat' dir='ltr'><strong>de</strong></span> <span class='ocrx_word' id='word_1_82' title='bbox 2321 993 2418 1040; x_wconf 83' lang='lat' dir='ltr'><strong>reis</strong></span> <span class='ocrx_word' id='word_1_83' title='bbox 2437 992 2573 1048; x_wconf 77' lang='lat' dir='ltr'><strong>ferat,</strong></span> 
     </span>
     <span class='ocr_line' id='line_1_8' title="bbox 441 1071 2578 1142; baseline -0.001 -20"><span class='ocrx_word' id='word_1_84' title='bbox 441 1090 527 1123; x_wconf 85' lang='lat' dir='ltr'><strong>eos</strong></span> <span class='ocrx_word' id='word_1_85' title='bbox 561 1077 860 1124; x_wconf 80' lang='lat' dir='ltr'><strong>condemnet</strong></span> <span class='ocrx_word' id='word_1_86' title='bbox 894 1091 948 1124; x_wconf 78' lang='lat' dir='ltr'><strong>ac</strong></span> <span class='ocrx_word' id='word_1_87' title='bbox 982 1076 1171 1142; x_wconf 79' lang='lat' dir='ltr'><strong>puniat.</strong></span> <span class='ocrx_word' id='word_1_88' title='bbox 1207 1074 1503 1123; x_wconf 79' lang='lat' dir='ltr'><strong>Varietatem</strong></span> <span class='ocrx_word' id='word_1_89' title='bbox 1520 1073 1630 1122; x_wconf 82' lang='lat' dir='ltr'><strong>lect.</strong></span> <span class='ocrx_word' id='word_1_90' title='bbox 1655 1089 1718 1121; x_wconf 82' lang='lat' dir='ltr'><strong>ex</strong></span> <span class='ocrx_word' id='word_1_91' title='bbox 1735 1088 1899 1136; x_wconf 82' lang='lat' dir='ltr'><strong>comp.</strong></span> <span class='ocrx_word' id='word_1_92' title='bbox 1916 1073 2082 1136; x_wconf 75' lang='lat' dir='ltr'><strong>script.</strong></span> <span class='ocrx_word' id='word_1_93' title='bbox 2090 1071 2284 1136; x_wconf 73' lang='lat' dir='ltr'><strong>judicet</strong></span> <span class='ocrx_word' id='word_1_94' title='bbox 2301 1083 2456 1122; x_wconf 75' lang='lat' dir='ltr'><strong>ortam</strong></span> <span class='ocrx_word' id='word_1_95' title='bbox 2475 1089 2578 1121; x_wconf 77' lang='lat' dir='ltr'><strong>esso</strong></span> 
     </span>
     <span class='ocr_line' id='line_1_9' title="bbox 442 1159 863 1223; baseline 0.01 -19"><span class='ocrx_word' id='word_1_96' title='bbox 442 1159 717 1223; x_wconf 78' lang='lat' dir='ltr'><strong>suspicatur</strong></span> <span class='ocrx_word' id='word_1_97' title='bbox 737 1159 863 1208; x_wconf 62' lang='lat' dir='ltr'><strong>Aah.</strong></span> 
     </span>
    </p>
   </div>
   <div class='ocr_carea' id='block_1_4' title="bbox 427 1247 2583 1482">
    <p class='ocr_par' dir='ltr' id='par_1_4' title="bbox 427 1247 2583 1482">
     <span class='ocr_line' id='line_1_10' title="bbox 509 1247 2577 1316; baseline -0.003 -13"><span class='ocrx_word' id='word_1_98' title='bbox 509 1252 649 1304; x_wconf 76' lang='lat' dir='ltr'><strong>Nor.</strong></span> <span class='ocrx_word' id='word_1_99' title='bbox 674 1255 793 1304; x_wconf 89' lang='grc'><strong>336.</strong></span> <span class='ocrx_word' id='word_1_100' title='bbox 820 1254 1005 1316; x_wconf 73' lang='lat' dir='ltr'><strong>hams,</strong></span> <span class='ocrx_word' id='word_1_101' title='bbox 1027 1250 1247 1304; x_wconf 81' lang='lat' dir='ltr'><strong>abirato</strong></span> <span class='ocrx_word' id='word_1_102' title='bbox 1270 1249 1462 1302; x_wconf 81' lang='lat' dir='ltr'><strong>missus</strong></span> <span class='ocrx_word' id='word_1_103' title='bbox 1482 1250 1646 1314; x_wconf 82' lang='lat' dir='ltr'><strong>Jove,</strong></span> <span class='ocrx_word' id='word_1_104' title='bbox 1665 1248 1866 1301; x_wconf 80' lang='lat' dir='ltr'><strong>scelera</strong></span> <span class='ocrx_word' id='word_1_105' title='bbox 1881 1247 2204 1302; x_wconf 77' lang='lat' dir='ltr'><strong>vindicante.</strong></span> <span class='ocrx_word' id='word_1_106' title='bbox 2227 1247 2318 1302; x_wconf 86' lang='lat' dir='ltr'><strong>sic</strong></span> <span class='ocrx_word' id='word_1_107' title='bbox 2333 1249 2577 1298; x_wconf 76' lang='lat' dir='ltr'><strong>iracunda</strong></span> 
     </span>
     <span class='ocr_line' id='line_1_11' title="bbox 427 1331 2583 1404; baseline -0 -19"><span class='ocrx_word' id='word_1_108' title='bbox 427 1337 653 1402; x_wconf 76' lang='lat' dir='ltr'><strong>fidmina</strong></span> <span class='ocrx_word' id='word_1_109' title='bbox 678 1333 817 1386; x_wconf 79' lang='lat' dir='ltr'><strong>dixit</strong></span> <span class='ocrx_word' id='word_1_110' title='bbox 844 1335 980 1388; x_wconf 80' lang='lat' dir='ltr'><strong>Hor.</strong></span> <span class='ocrx_word' id='word_1_111' title='bbox 1018 1332 1125 1387; x_wconf 87' lang='lat' dir='ltr'><strong>Od.</strong></span> <span class='ocrx_word' id='word_1_112' title='bbox 1156 1335 1213 1399; x_wconf 86' lang='lat'><strong>1,</strong></span> <span class='ocrx_word' id='word_1_113' title='bbox 1252 1333 1314 1397; x_wconf 83' lang='grc'><strong>3,</strong></span> <span class='ocrx_word' id='word_1_114' title='bbox 1344 1341 1411 1398; x_wconf 70' lang='lat'><strong>40</strong></span> <span class='ocrx_word' id='word_1_115' title='bbox 1429 1372 1445 1398; x_wconf 91' lang='lat'>‚</span> <span class='ocrx_word' id='word_1_116' title='bbox 1468 1345 1522 1385; x_wconf 91' lang='lat' dir='ltr'><strong>et</strong></span> <span class='ocrx_word' id='word_1_117' title='bbox 1547 1331 1746 1391; x_wconf 70' lang='grc' dir='ltr'>ζάκοτον</span> <span class='ocrx_word' id='word_1_118' title='bbox 1770 1333 1912 1404; x_wconf 66' lang='grc' dir='ltr'><strong>ἔγχος</strong></span> <span class='ocrx_word' id='word_1_119' title='bbox 1938 1331 2094 1386; x_wconf 83' lang='lat' dir='ltr'><strong>Pind.</strong></span> <span class='ocrx_word' id='word_1_120' title='bbox 2119 1333 2275 1386; x_wconf 83' lang='lat' dir='ltr'><strong>Nem.</strong></span> <span class='ocrx_word' id='word_1_121' title='bbox 2304 1333 2380 1397; x_wconf 84' lang='lat' dir='ltr'><strong>V,</strong></span> <span class='ocrx_word' id='word_1_122' title='bbox 2405 1347 2490 1399; x_wconf 88' lang='grc' dir='ltr'><strong>9ο.</strong></span> <span class='ocrx_word' id='word_1_123' title='bbox 2515 1360 2583 1374; x_wconf 89' lang='grc'>-</span> 
     </span>
     <span class='ocr_line' id='line_1_12' title="bbox 436 1415 1113 1482; baseline 0.004 -17"><span class='ocrx_word' id='word_1_124' title='bbox 436 1419 651 1482; x_wconf 58' lang='lat' dir='ltr'><strong>iudicet„</strong></span> <span class='ocrx_word' id='word_1_125' title='bbox 670 1415 796 1470; x_wconf 84' lang='lat' dir='ltr'><strong>vide</strong></span> <span class='ocrx_word' id='word_1_126' title='bbox 814 1419 948 1470; x_wconf 86' lang='lat' dir='ltr'><strong>Var.</strong></span> <span class='ocrx_word' id='word_1_127' title='bbox 970 1418 1113 1469; x_wconf 65' lang='lat' dir='ltr'><strong>[act.</strong></span> 
     </span>
    </p>
   </div>
   <div class='ocr_carea' id='block_1_5' title="bbox 507 1571 2067 1738">
    <p class='ocr_par' dir='ltr' id='par_1_5' title="bbox 507 1571 2067 1738">
     <span class='ocr_line' id='line_1_13' title="bbox 507 1571 1155 1634; baseline 0 -16"><span class='ocrx_word' id='word_1_128' title='bbox 507 1573 643 1620; x_wconf 62' lang='lat' dir='ltr'><strong>Van.</strong></span> <span class='ocrx_word' id='word_1_129' title='bbox 680 1587 799 1634; x_wconf 81' lang='grc'><strong>337.</strong></span> <span class='ocrx_word' id='word_1_130' title='bbox 838 1571 1043 1631; x_wconf 64' lang='lat' dir='ltr'><strong>Nonne,</strong></span> <span class='ocrx_word' id='word_1_131' title='bbox 1069 1580 1155 1628; x_wconf 75' lang='grc'><strong>34.</strong></span> 
     </span>
     <span class='ocr_line' id='line_1_14' title="bbox 508 1665 2067 1738; baseline -0.001 -20"><span class='ocrx_word' id='word_1_132' title='bbox 508 1665 647 1718; x_wconf 69' lang='grc' dir='ltr'><strong>Νοτ.</strong></span> <span class='ocrx_word' id='word_1_133' title='bbox 690 1682 809 1735; x_wconf 83' lang='grc'><strong>337.</strong></span> <span class='ocrx_word' id='word_1_134' title='bbox 849 1665 907 1720; x_wconf 91' lang='lat' dir='ltr'><strong>Si</strong></span> <span class='ocrx_word' id='word_1_135' title='bbox 930 1668 1050 1728; x_wconf 80' lang='lat' dir='ltr'><strong>illa,</strong></span> <span class='ocrx_word' id='word_1_136' title='bbox 1072 1665 1248 1738; x_wconf 80' lang='lat' dir='ltr'><strong>prima</strong></span> <span class='ocrx_word' id='word_1_137' title='bbox 1272 1676 1588 1737; x_wconf 77' lang='lat' dir='ltr'><strong>tempestas,</strong></span> <span class='ocrx_word' id='word_1_138' title='bbox 1615 1667 1742 1716; x_wconf 74' lang='lat' dir='ltr'><strong>nihil</strong></span> <span class='ocrx_word' id='word_1_139' title='bbox 1758 1668 1945 1728; x_wconf 74' lang='lat' dir='ltr'><strong>nocuit,</strong></span> <span class='ocrx_word' id='word_1_140' title='bbox 1968 1678 2067 1718; x_wconf 86' lang='lat' dir='ltr'><strong>etc.</strong></span> 
     </span>
    </p>
   </div>
   <div class='ocr_carea' id='block_1_6' title="bbox 506 1821 2203 1984">
    <p class='ocr_par' dir='ltr' id='par_1_6' title="bbox 506 1821 2203 1984">
     <span class='ocr_line' id='line_1_15' title="bbox 506 1821 1086 1880; baseline 0.005 -12"><span class='ocrx_word' id='word_1_141' title='bbox 506 1824 641 1870; x_wconf 62' lang='lat' dir='ltr'><strong>Van.</strong></span> <span class='ocrx_word' id='word_1_142' title='bbox 678 1823 797 1870; x_wconf 78' lang='grc'><strong>338.</strong></span> <span class='ocrx_word' id='word_1_143' title='bbox 834 1821 970 1880; x_wconf 70' lang='lat' dir='ltr'><strong>Hac,</strong></span> <span class='ocrx_word' id='word_1_144' title='bbox 1001 1831 1086 1878; x_wconf 70' lang='grc'><strong>34.</strong></span> 
     </span>
     <span class='ocr_line' id='line_1_16' title="bbox 508 1911 2203 1984; baseline -0.001 -18"><span class='ocrx_word' id='word_1_145' title='bbox 508 1913 647 1966; x_wconf 64' lang='lat' dir='ltr'><strong>Nor.</strong></span> <span class='ocrx_word' id='word_1_146' title='bbox 690 1912 809 1966; x_wconf 88' lang='grc'><strong>338.</strong></span> <span class='ocrx_word' id='word_1_147' title='bbox 846 1918 947 1964; x_wconf 78' lang='lat' dir='ltr'><strong>Hoc</strong></span> <span class='ocrx_word' id='word_1_148' title='bbox 974 1932 1171 1977; x_wconf 75' lang='lat' dir='ltr'><strong>senno,</strong></span> <span class='ocrx_word' id='word_1_149' title='bbox 1200 1913 1305 1966; x_wconf 84' lang='lat' dir='ltr'><strong>hoc</strong></span> <span class='ocrx_word' id='word_1_150' title='bbox 1328 1911 1442 1977; x_wconf 85' lang='lat' dir='ltr'><strong>die,</strong></span> <span class='ocrx_word' id='word_1_151' title='bbox 1466 1931 1576 1984; x_wconf 86' lang='lat' dir='ltr'><strong>quo</strong></span> <span class='ocrx_word' id='word_1_152' title='bbox 1597 1931 1723 1966; x_wconf 85' lang='lat' dir='ltr'><strong>mox</strong></span> <span class='ocrx_word' id='word_1_153' title='bbox 1751 1914 2005 1966; x_wconf 75' lang='lat' dir='ltr'><strong>serenitas</strong></span> <span class='ocrx_word' id='word_1_154' title='bbox 2025 1911 2203 1966; x_wconf 87' lang='lat' dir='ltr'><strong>rediit.</strong></span> 
     </span>
    </p>
   </div>
   <div class='ocr_carea' id='block_1_7' title="bbox 434 2005 2578 2165">
    <p class='ocr_par' dir='ltr' id='par_1_7' title="bbox 434 2005 2578 2165">
     <span class='ocr_line' id='line_1_17' title="bbox 506 2005 2578 2079; baseline -0.001 -19"><span class='ocrx_word' id='word_1_155' title='bbox 506 2008 645 2060; x_wconf 75' lang='lat' dir='ltr'><strong>Nor.</strong></span> <span class='ocrx_word' id='word_1_156' title='bbox 685 2025 803 2076; x_wconf 90' lang='grc'><strong>339.</strong></span> <span class='ocrx_word' id='word_1_157' title='bbox 838 2009 1029 2060; x_wconf 73' lang='lat' dir='ltr'><strong>Laceris</strong></span> <span class='ocrx_word' id='word_1_158' title='bbox 1064 2011 1283 2060; x_wconf 68' lang='lat' dir='ltr'><strong>dolorum</strong></span> <span class='ocrx_word' id='word_1_159' title='bbox 1298 2046 1313 2070; x_wconf 90' lang='lat'>,</span> <span class='ocrx_word' id='word_1_160' title='bbox 1355 2005 1648 2079; x_wconf 73' lang='lat' dir='ltr'><strong>pleuritida</strong></span> <span class='ocrx_word' id='word_1_161' title='bbox 1663 2047 1680 2072; x_wconf 86' lang='lat'>,</span> <span class='ocrx_word' id='word_1_162' title='bbox 1715 2006 1822 2059; x_wconf 88' lang='lat' dir='ltr'><strong>hoc</strong></span> <span class='ocrx_word' id='word_1_163' title='bbox 1861 2007 1982 2060; x_wconf 83' lang='lat' dir='ltr'><strong>loco</strong></span> <span class='ocrx_word' id='word_1_164' title='bbox 2018 2025 2122 2078; x_wconf 86' lang='lat' dir='ltr'><strong>pro</strong></span> <span class='ocrx_word' id='word_1_165' title='bbox 2165 2007 2355 2078; x_wconf 78' lang='lat' dir='ltr'><strong>quovis</strong></span> <span class='ocrx_word' id='word_1_166' title='bbox 2386 2006 2578 2058; x_wconf 85' lang='lat' dir='ltr'><strong>morbo</strong></span> 
     </span>
     <span class='ocr_line' id='line_1_18' title="bbox 434 2091 2470 2165; baseline -0.002 -19"><span class='ocrx_word' id='word_1_167' title='bbox 434 2105 593 2147; x_wconf 75' lang='lat' dir='ltr'><strong>acuto</strong></span> <span class='ocrx_word' id='word_1_168' title='bbox 612 2105 667 2146; x_wconf 90' lang='lat' dir='ltr'><strong>et</strong></span> <span class='ocrx_word' id='word_1_169' title='bbox 681 2095 851 2162; x_wconf 73' lang='lat' dir='ltr'><strong>vigili,</strong></span> <span class='ocrx_word' id='word_1_170' title='bbox 870 2093 979 2146; x_wconf 79' lang='lat' dir='ltr'><strong>hoc</strong></span> <span class='ocrx_word' id='word_1_171' title='bbox 996 2105 1075 2146; x_wconf 84' lang='lat' dir='ltr'><strong>est</strong></span> <span class='ocrx_word' id='word_1_172' title='bbox 1094 2131 1110 2157; x_wconf 91' lang='lat'>‚</span> <span class='ocrx_word' id='word_1_173' title='bbox 1136 2095 1347 2165; x_wconf 82' lang='lat' dir='ltr'><strong>quinos</strong></span> <span class='ocrx_word' id='word_1_174' title='bbox 1365 2093 1554 2164; x_wconf 81' lang='lat' dir='ltr'><strong>vigiles</strong></span> <span class='ocrx_word' id='word_1_175' title='bbox 1579 2093 1734 2156; x_wconf 76' lang='lat' dir='ltr'><strong>facit,</strong></span> <span class='ocrx_word' id='word_1_176' title='bbox 1751 2092 1839 2145; x_wconf 75' lang='lat' dir='ltr'><strong>vel</strong></span> <span class='ocrx_word' id='word_1_177' title='bbox 1859 2110 1966 2144; x_wconf 88' lang='lat' dir='ltr'><strong>non</strong></span> <span class='ocrx_word' id='word_1_178' title='bbox 1991 2091 2232 2144; x_wconf 84' lang='lat' dir='ltr'><strong>dormire</strong></span> <span class='ocrx_word' id='word_1_179' title='bbox 2249 2091 2470 2162; x_wconf 79' lang='lat' dir='ltr'><strong>patitur.</strong></span> 
     </span>
    </p>
   </div>
   <div class='ocr_carea' id='block_1_8' title="bbox 423 2189 2670 3188">
    <p class='ocr_par' dir='ltr' id='par_1_8' title="bbox 428 2189 2575 2428">
     <span class='ocr_line' id='line_1_19' title="bbox 504 2189 2575 2262; baseline -0.001 -20"><span class='ocrx_word' id='word_1_180' title='bbox 504 2190 557 2242; x_wconf 88' lang='lat' dir='ltr'>N</span> <span class='ocrx_word' id='word_1_181' title='bbox 557 2207 640 2243; x_wconf 74' lang='lat' dir='ltr'><strong>or.</strong></span> <span class='ocrx_word' id='word_1_182' title='bbox 681 2189 799 2242; x_wconf 78' lang='lat'><strong>230.</strong></span> <span class='ocrx_word' id='word_1_183' title='bbox 840 2189 1064 2242; x_wconf 84' lang='lat' dir='ltr'><strong>Morbos</strong></span> <span class='ocrx_word' id='word_1_184' title='bbox 1093 2191 1335 2262; x_wconf 83' lang='lat' dir='ltr'><strong>corporis</strong></span> <span class='ocrx_word' id='word_1_185' title='bbox 1358 2202 1694 2261; x_wconf 71' lang='lat' dir='ltr'><strong>mortemque</strong></span> <span class='ocrx_word' id='word_1_186' title='bbox 1715 2202 2094 2260; x_wconf 70' lang='lat' dir='ltr'><strong>promaturam</strong></span> <span class='ocrx_word' id='word_1_187' title='bbox 2113 2207 2294 2256; x_wconf 78' lang='lat' dir='ltr'><strong>poenas</strong></span> <span class='ocrx_word' id='word_1_188' title='bbox 2320 2206 2430 2240; x_wconf 80' lang='lat' dir='ltr'><strong>esse</strong></span> <span class='ocrx_word' id='word_1_189' title='bbox 2452 2207 2575 2258; x_wconf 78' lang='lat' dir='ltr'><strong>gra·</strong></span> 
     </span>
     <span class='ocr_line' id='line_1_20' title="bbox 433 2270 2574 2346; baseline -0.001 -21"><span class='ocrx_word' id='word_1_190' title='bbox 433 2271 861 2335; x_wconf 71' lang='lat' dir='ltr'><strong>vimis-sceleris,</strong></span> <span class='ocrx_word' id='word_1_191' title='bbox 892 2274 1034 2344; x_wconf 87' lang='lat' dir='ltr'><strong>inpr.</strong></span> <span class='ocrx_word' id='word_1_192' title='bbox 1074 2273 1322 2346; x_wconf 87' lang='lat' dir='ltr'><strong>perjurii,</strong></span> <span class='ocrx_word' id='word_1_193' title='bbox 1350 2291 1381 2324; x_wconf 82' lang='lat' dir='ltr'><strong>a</strong></span> <span class='ocrx_word' id='word_1_194' title='bbox 1412 2271 1515 2324; x_wconf 83' lang='lat' dir='ltr'><strong>diis</strong></span> <span class='ocrx_word' id='word_1_195' title='bbox 1552 2270 1859 2326; x_wconf 75' lang='lat' dir='ltr'><strong>vindicibus</strong></span> <span class='ocrx_word' id='word_1_196' title='bbox 1893 2271 2149 2334; x_wconf 85' lang='lat' dir='ltr'><strong>inflictas,</strong></span> <span class='ocrx_word' id='word_1_197' title='bbox 2177 2272 2418 2342; x_wconf 77' lang='lat' dir='ltr'><strong>vulgaris</strong></span> <span class='ocrx_word' id='word_1_198' title='bbox 2446 2272 2574 2323; x_wconf 86' lang='lat' dir='ltr'><strong>olim</strong></span> 
     </span>
     <span class='ocr_line' id='line_1_21' title="bbox 428 2353 1991 2428; baseline 0.001 -21"><span class='ocrx_word' id='word_1_199' title='bbox 428 2357 618 2428; x_wconf 83' lang='lat' dir='ltr'><strong>opinio</strong></span> <span class='ocrx_word' id='word_1_200' title='bbox 632 2369 763 2411; x_wconf 77' lang='lat' dir='ltr'><strong>erat.</strong></span> <span class='ocrx_word' id='word_1_201' title='bbox 780 2356 892 2412; x_wconf 78' lang='lat' dir='ltr'><strong>vid.</strong></span> <span class='ocrx_word' id='word_1_202' title='bbox 914 2357 1215 2412; x_wconf 81' lang='lat' dir='ltr'><strong>Mitscherl.</strong></span> <span class='ocrx_word' id='word_1_203' title='bbox 1244 2355 1314 2410; x_wconf 84' lang='lat' dir='ltr'><strong>ad</strong></span> <span class='ocrx_word' id='word_1_204' title='bbox 1334 2358 1468 2410; x_wconf 85' lang='lat' dir='ltr'><strong>Hor.</strong></span> <span class='ocrx_word' id='word_1_205' title='bbox 1494 2353 1602 2409; x_wconf 84' lang='lat' dir='ltr'><strong>Od.</strong></span> <span class='ocrx_word' id='word_1_206' title='bbox 1627 2355 1684 2406; x_wconf 88' lang='lat'><strong>11</strong></span> <span class='ocrx_word' id='word_1_207' title='bbox 1698 2394 1713 2418; x_wconf 92' lang='lat'>,</span> <span class='ocrx_word' id='word_1_208' title='bbox 1734 2355 1766 2407; x_wconf 81' lang='lat'>8</span> <span class='ocrx_word' id='word_1_209' title='bbox 1782 2393 1800 2418; x_wconf 87' lang='lat'>,</span> <span class='ocrx_word' id='word_1_210' title='bbox 1827 2373 1850 2406; x_wconf 90' lang='lat'>1</span> <span class='ocrx_word' id='word_1_211' title='bbox 1883 2374 1991 2428; x_wconf 83' lang='lat' dir='ltr'><strong>seq.</strong></span> 
     </span>
    </p>

    <p class='ocr_par' dir='ltr' id='par_1_9' title="bbox 423 2449 2670 3008">
     <span class='ocr_line' id='line_1_22' title="bbox 500 2449 2670 2524; baseline -0.002 -18"><span class='ocrx_word' id='word_1_212' title='bbox 500 2455 640 2506; x_wconf 70' lang='lat' dir='ltr'><strong>Nor.</strong></span> <span class='ocrx_word' id='word_1_213' title='bbox 683 2455 804 2507; x_wconf 76' lang='lat'>231.</span> <span class='ocrx_word' id='word_1_214' title='bbox 842 2454 997 2506; x_wconf 79' lang='lat' dir='ltr'><strong>Metu</strong></span> <span class='ocrx_word' id='word_1_215' title='bbox 1030 2451 1265 2524; x_wconf 82' lang='lat' dir='ltr'><strong>perculsi</strong></span> <span class='ocrx_word' id='word_1_216' title='bbox 1286 2450 1604 2522; x_wconf 80' lang='lat' dir='ltr'><strong>grandinem</strong></span> <span class='ocrx_word' id='word_1_217' title='bbox 1627 2462 1680 2503; x_wconf 86' lang='lat' dir='ltr'><strong>et</strong></span> <span class='ocrx_word' id='word_1_218' title='bbox 1701 2450 1929 2504; x_wconf 75' lang='lat' dir='ltr'><strong>fulmina</strong></span> <span class='ocrx_word' id='word_1_219' title='bbox 1951 2465 2138 2517; x_wconf 76' lang='lat' dir='ltr'><strong>putant</strong></span> <span class='ocrx_word' id='word_1_220' title='bbox 2161 2455 2380 2500; x_wconf 82' lang='lat' dir='ltr'><strong>Deorum</strong></span> <span class='ocrx_word' id='word_1_221' title='bbox 2407 2449 2570 2501; x_wconf 83' lang='lat' dir='ltr'><strong>irato·</strong></span> <span class='ocrx_word' id='word_1_222' title='bbox 2655 2488 2670 2500; x_wconf 88' lang='lat'>.</span> 
     </span>
     <span class='ocr_line' id='line_1_23' title="bbox 428 2529 2572 2603; baseline -0.003 -13"><span class='ocrx_word' id='word_1_223' title='bbox 428 2555 551 2590; x_wconf 86' lang='lat' dir='ltr'><strong>rum</strong></span> <span class='ocrx_word' id='word_1_224' title='bbox 578 2557 717 2588; x_wconf 74' lang='lat' dir='ltr'><strong>saxa</strong></span> <span class='ocrx_word' id='word_1_225' title='bbox 750 2551 800 2587; x_wconf 77' lang='grc' dir='ltr'><strong>σε</strong></span> <span class='ocrx_word' id='word_1_226' title='bbox 826 2539 926 2587; x_wconf 72' lang='lat' dir='ltr'><strong>eda</strong></span> <span class='ocrx_word' id='word_1_227' title='bbox 952 2553 1082 2588; x_wconf 81' lang='lat' dir='ltr'><strong>esse.</strong></span> <span class='ocrx_word' id='word_1_228' title='bbox 1118 2532 1225 2590; x_wconf 83' lang='lat' dir='ltr'><strong>sed</strong></span> <span class='ocrx_word' id='word_1_229' title='bbox 1240 2535 1349 2587; x_wconf 85' lang='lat' dir='ltr'><strong>hoc</strong></span> <span class='ocrx_word' id='word_1_230' title='bbox 1374 2534 1499 2588; x_wconf 85' lang='lat' dir='ltr'><strong>loco</strong></span> <span class='ocrx_word' id='word_1_231' title='bbox 1527 2533 1597 2585; x_wconf 84' lang='lat' dir='ltr'><strong>de</strong></span> <span class='ocrx_word' id='word_1_232' title='bbox 1623 2532 1828 2584; x_wconf 79' lang='lat' dir='ltr'><strong>morbis</strong></span> <span class='ocrx_word' id='word_1_233' title='bbox 1853 2534 2034 2603; x_wconf 80' lang='lat' dir='ltr'><strong>potius</strong></span> <span class='ocrx_word' id='word_1_234' title='bbox 2061 2551 2236 2585; x_wconf 78' lang='lat' dir='ltr'><strong>sermo</strong></span> <span class='ocrx_word' id='word_1_235' title='bbox 2263 2543 2371 2592; x_wconf 82' lang='lat' dir='ltr'><strong>est,</strong></span> <span class='ocrx_word' id='word_1_236' title='bbox 2397 2543 2452 2584; x_wconf 84' lang='lat' dir='ltr'><strong>et</strong></span> <span class='ocrx_word' id='word_1_237' title='bbox 2477 2529 2572 2584; x_wconf 69' lang='lat' dir='ltr'><strong>itea</strong></span> 
     </span>
     <span class='ocr_line' id='line_1_24' title="bbox 426 2612 2574 2692; baseline -0.005 -19"><span class='ocrx_word' id='word_1_238' title='bbox 426 2639 548 2673; x_wconf 86' lang='lat' dir='ltr'><strong>rum</strong></span> <span class='ocrx_word' id='word_1_239' title='bbox 570 2621 708 2672; x_wconf 80' lang='lat' dir='ltr'><strong>forte</strong></span> <span class='ocrx_word' id='word_1_240' title='bbox 724 2619 1113 2692; x_wconf 83' lang='lat' dir='ltr'><strong>Epicureorum</strong></span> <span class='ocrx_word' id='word_1_241' title='bbox 1134 2614 1385 2686; x_wconf 80' lang='lat' dir='ltr'><strong>dogmata</strong></span> <span class='ocrx_word' id='word_1_242' title='bbox 1405 2613 1785 2686; x_wconf 82' lang='lat' dir='ltr'><strong>respiciuntur.</strong></span> <span class='ocrx_word' id='word_1_243' title='bbox 1808 2613 1931 2666; x_wconf 86' lang='lat' dir='ltr'><strong>Sen.</strong></span> <span class='ocrx_word' id='word_1_244' title='bbox 1955 2612 2024 2665; x_wconf 85' lang='lat' dir='ltr'><strong>de</strong></span> <span class='ocrx_word' id='word_1_245' title='bbox 2045 2613 2175 2665; x_wconf 78' lang='lat' dir='ltr'><strong>Ben.</strong></span> <span class='ocrx_word' id='word_1_246' title='bbox 2201 2612 2303 2677; x_wconf 80' lang='lat' dir='ltr'><strong>lv,</strong></span> <span class='ocrx_word' id='word_1_247' title='bbox 2328 2630 2410 2680; x_wconf 83' lang='lat'><strong>¹9·</strong></span> <span class='ocrx_word' id='word_1_248' title='bbox 2433 2613 2574 2675; x_wconf 82' lang='lat' dir='ltr'><strong>-Tu‚</strong></span> 
     </span>
     <span class='ocr_line' id='line_1_25' title="bbox 430 2691 2580 2774; baseline -0.006 -18"><span class='ocrx_word' id='word_1_249' title='bbox 430 2703 637 2774; x_wconf 84' lang='lat' dir='ltr'><strong>inquit,</strong></span> <span class='ocrx_word' id='word_1_250' title='bbox 658 2701 890 2773; x_wconf 80' lang='lat' dir='ltr'><strong>Epicure</strong></span> <span class='ocrx_word' id='word_1_251' title='bbox 904 2739 919 2763; x_wconf 93' lang='lat'>‚</span> <span class='ocrx_word' id='word_1_252' title='bbox 948 2698 1109 2752; x_wconf 82' lang='lat' dir='ltr'><strong>deum</strong></span> <span class='ocrx_word' id='word_1_253' title='bbox 1124 2699 1383 2751; x_wconf 87' lang='lat' dir='ltr'><strong>inermem</strong></span> <span class='ocrx_word' id='word_1_254' title='bbox 1410 2695 1544 2750; x_wconf 77' lang='lat' dir='ltr'><strong>facis</strong></span> <span class='ocrx_word' id='word_1_255' title='bbox 1564 2714 1579 2749; x_wconf 73' lang='grc' dir='ltr'><strong><em>ε</em></strong></span> <span class='ocrx_word' id='word_1_256' title='bbox 1601 2694 1782 2746; x_wconf 79' lang='lat' dir='ltr'><strong>omnia</strong></span> <span class='ocrx_word' id='word_1_257' title='bbox 1803 2694 1885 2745; x_wconf 88' lang='lat' dir='ltr'><strong>illi</strong></span> <span class='ocrx_word' id='word_1_258' title='bbox 1907 2695 2012 2748; x_wconf 84' lang='lat' dir='ltr'><strong>tela</strong></span> <span class='ocrx_word' id='word_1_259' title='bbox 2029 2732 2043 2756; x_wconf 92' lang='lat'><strong>,</strong></span> <span class='ocrx_word' id='word_1_260' title='bbox 2071 2711 2284 2746; x_wconf 85' lang='lat' dir='ltr'><strong>omnem</strong></span> <span class='ocrx_word' id='word_1_261' title='bbox 2301 2691 2580 2746; x_wconf 77' lang='lat' dir='ltr'><strong>deu-axisti</strong></span> 
     </span>
     <span class='ocr_line' id='line_1_26' title="bbox 423 2777 2577 2859; baseline -0.005 -20"><span class='ocrx_word' id='word_1_262' title='bbox 423 2785 750 2859; x_wconf 85' lang='lat' dir='ltr'><strong>potentiam,</strong></span> <span class='ocrx_word' id='word_1_263' title='bbox 776 2796 857 2850; x_wconf 79' lang='lat' dir='ltr'><strong>et,</strong></span> <span class='ocrx_word' id='word_1_264' title='bbox 896 2801 967 2835; x_wconf 86' lang='lat' dir='ltr'><strong>ne</strong></span> <span class='ocrx_word' id='word_1_265' title='bbox 992 2783 1247 2853; x_wconf 82' lang='lat' dir='ltr'><strong>cuiquam</strong></span> <span class='ocrx_word' id='word_1_266' title='bbox 1267 2777 1586 2832; x_wconf 84' lang='lat' dir='ltr'><strong>metuendus</strong></span> <span class='ocrx_word' id='word_1_267' title='bbox 1613 2787 1778 2840; x_wconf 82' lang='lat' dir='ltr'><strong>esset,</strong></span> <span class='ocrx_word' id='word_1_268' title='bbox 1801 2777 2074 2849; x_wconf 79' lang='lat' dir='ltr'><strong>projecisti</strong></span> <span class='ocrx_word' id='word_1_269' title='bbox 2100 2777 2260 2830; x_wconf 84' lang='lat' dir='ltr'><strong>illum</strong></span> <span class='ocrx_word' id='word_1_270' title='bbox 2284 2787 2436 2829; x_wconf 79' lang='lat' dir='ltr'><strong>extra</strong></span> <span class='ocrx_word' id='word_1_271' title='bbox 2459 2794 2577 2829; x_wconf 87' lang='lat' dir='ltr'><strong>mo-</strong></span> 
     </span>
     <span class='ocr_line' id='line_1_27' title="bbox 428 2860 2580 2939; baseline -0.006 -14"><span class='ocrx_word' id='word_1_272' title='bbox 428 2885 560 2925; x_wconf 86' lang='lat' dir='ltr'><strong>tum.</strong></span> <span class='ocrx_word' id='word_1_273' title='bbox 585 2897 609 2919; x_wconf 73' lang='grc' dir='ltr'>ι</span> <span class='ocrx_word' id='word_1_274' title='bbox 628 2868 817 2924; x_wconf 80' lang='lat' dir='ltr'><strong>Morbi</strong></span> <span class='ocrx_word' id='word_1_275' title='bbox 842 2885 1058 2939; x_wconf 84' lang='lat' dir='ltr'><strong>quoque</strong></span> <span class='ocrx_word' id='word_1_276' title='bbox 1087 2865 1354 2919; x_wconf 75' lang='lat' dir='ltr'><strong>acutiores</strong></span> <span class='ocrx_word' id='word_1_277' title='bbox 1388 2861 1595 2933; x_wconf 73' lang='lat' dir='ltr'><strong>sagittis</strong></span> <span class='ocrx_word' id='word_1_278' title='bbox 1629 2861 1892 2932; x_wconf 78' lang='lat' dir='ltr'><strong>Apollinis</strong></span> <span class='ocrx_word' id='word_1_279' title='bbox 1925 2872 1979 2914; x_wconf 88' lang='lat' dir='ltr'><strong>et</strong></span> <span class='ocrx_word' id='word_1_280' title='bbox 2007 2861 2196 2914; x_wconf 60' lang='lat' dir='ltr'><strong>Dianai</strong></span> <span class='ocrx_word' id='word_1_281' title='bbox 2224 2860 2440 2914; x_wconf 87' lang='lat' dir='ltr'><strong>immitti</strong></span> <span class='ocrx_word' id='word_1_282' title='bbox 2467 2879 2580 2913; x_wconf 87' lang='lat' dir='ltr'><strong>cre-</strong></span> 
     </span>
     <span class='ocr_line' id='line_1_28' title="bbox 430 2953 717 3008; baseline -0.01 -1"><span class='ocrx_word' id='word_1_283' title='bbox 430 2953 717 3008; x_wconf 83' lang='lat' dir='ltr'><strong>debantnr.</strong></span> 
     </span>
    </p>

    <p class='ocr_par' dir='ltr' id='par_1_10' title="bbox 430 3041 2577 3188">
     <span class='ocr_line' id='line_1_29' title="bbox 498 3041 2577 3120; baseline -0.006 -15"><span class='ocrx_word' id='word_1_284' title='bbox 498 3051 641 3105; x_wconf 75' lang='lat' dir='ltr'><strong>Nor.</strong></span> <span class='ocrx_word' id='word_1_285' title='bbox 681 3048 781 3101; x_wconf 93' lang='grc'><strong>333</strong></span> <span class='ocrx_word' id='word_1_286' title='bbox 809 3066 920 3120; x_wconf 80' lang='lat' dir='ltr'><strong>seq.</strong></span> <span class='ocrx_word' id='word_1_287' title='bbox 959 3047 1133 3102; x_wconf 79' lang='lat' dir='ltr'><strong>Ovem</strong></span> <span class='ocrx_word' id='word_1_288' title='bbox 1154 3063 1263 3098; x_wconf 87' lang='lat' dir='ltr'><strong>non</strong></span> <span class='ocrx_word' id='word_1_289' title='bbox 1287 3042 1491 3096; x_wconf 80' lang='lat' dir='ltr'><strong>sudent</strong></span> <span class='ocrx_word' id='word_1_290' title='bbox 1512 3062 1614 3113; x_wconf 84' lang='lat' dir='ltr'><strong>pro</strong></span> <span class='ocrx_word' id='word_1_291' title='bbox 1633 3041 1804 3094; x_wconf 79' lang='lat' dir='ltr'><strong>salute</strong></span> <span class='ocrx_word' id='word_1_292' title='bbox 1823 3059 1916 3094; x_wconf 82' lang='lat' dir='ltr'><strong>sus</strong></span> <span class='ocrx_word' id='word_1_293' title='bbox 1937 3059 2131 3096; x_wconf 79' lang='lat' dir='ltr'><strong>vovere</strong></span> <span class='ocrx_word' id='word_1_294' title='bbox 2153 3041 2257 3096; x_wconf 88' lang='lat' dir='ltr'><strong>diis</strong></span> <span class='ocrx_word' id='word_1_295' title='bbox 2273 3080 2288 3107; x_wconf 90' lang='lat'>,</span> <span class='ocrx_word' id='word_1_296' title='bbox 2307 3041 2504 3113; x_wconf 82' lang='lat' dir='ltr'><strong>quihus</strong></span> <span class='ocrx_word' id='word_1_297' title='bbox 2523 3059 2577 3093; x_wconf 79' lang='lat' dir='ltr'><strong>se</strong></span> 
     </span>
     <span class='ocr_line' id='line_1_30' title="bbox 430 3130 989 3188; baseline -0.005 -4"><span class='ocrx_word' id='word_1_298' title='bbox 430 3133 628 3188; x_wconf 79' lang='lat' dir='ltr'><strong>invisos</strong></span> <span class='ocrx_word' id='word_1_299' title='bbox 650 3149 766 3186; x_wconf 80' lang='lat' dir='ltr'><strong>esse</strong></span> <span class='ocrx_word' id='word_1_300' title='bbox 789 3130 989 3184; x_wconf 82' lang='lat' dir='ltr'><strong>sciunt.</strong></span> 
     </span>
    </p>
   </div>
   <div class='ocr_carea' id='block_1_9' title="bbox 499 3285 1583 3348">
    <p class='ocr_par' dir='ltr' id='par_1_11' title="bbox 499 3285 1583 3348">
     <span class='ocr_line' id='line_1_31' title="bbox 499 3285 1583 3348; baseline 0 -14"><span class='ocrx_word' id='word_1_301' title='bbox 499 3290 628 3337; x_wconf 73' lang='lat' dir='ltr'><strong>Vn.</strong></span> <span class='ocrx_word' id='word_1_302' title='bbox 668 3289 786 3336; x_wconf 87' lang='grc'><strong>333.</strong></span> <span class='ocrx_word' id='word_1_303' title='bbox 822 3285 1140 3348; x_wconf 74' lang='lat' dir='ltr'><strong>Per-mittere,</strong></span> <span class='ocrx_word' id='word_1_304' title='bbox 1168 3287 1251 3345; x_wconf 74' lang='lat'><strong>46,</strong></span> <span class='ocrx_word' id='word_1_305' title='bbox 1280 3293 1366 3346; x_wconf 71' lang='grc'><strong>47,</strong></span> <span class='ocrx_word' id='word_1_306' title='bbox 1388 3286 1471 3346; x_wconf 73' lang='grc'><strong>48,</strong></span> <span class='ocrx_word' id='word_1_307' title='bbox 1499 3287 1583 3335; x_wconf 81' lang='grc'><strong>58.</strong></span> 
     </span>
    </p>
   </div>
   <div class='ocr_carea' id='block_1_10' title="bbox 428 3375 2579 4208">
    <p class='ocr_par' dir='ltr' id='par_1_12' title="bbox 428 3375 2579 4208">
     <span class='ocr_line' id='line_1_32' title="bbox 496 3375 2576 3453; baseline -0.003 -20"><span class='ocrx_word' id='word_1_308' title='bbox 496 3381 633 3434; x_wconf 66' lang='lat' dir='ltr'><strong>Nom.</strong></span> <span class='ocrx_word' id='word_1_309' title='bbox 674 3378 791 3432; x_wconf 88' lang='grc'><strong>333.</strong></span> <span class='ocrx_word' id='word_1_310' title='bbox 834 3381 1049 3432; x_wconf 64' lang='lat' dir='ltr'><strong>existam</strong></span> <span class='ocrx_word' id='word_1_311' title='bbox 1073 3379 1203 3446; x_wconf 71' lang='lat' dir='ltr'><strong>galla·</strong></span> <span class='ocrx_word' id='word_1_312' title='bbox 1220 3378 1501 3443; x_wconf 74' lang='lat' dir='ltr'><strong>promittere</strong></span> <span class='ocrx_word' id='word_1_313' title='bbox 1535 3381 1736 3432; x_wconf 73' lang='lat' dir='ltr'><strong>Laribus</strong></span> <span class='ocrx_word' id='word_1_314' title='bbox 1766 3399 1869 3453; x_wconf 85' lang='lat' dir='ltr'><strong>pro</strong></span> <span class='ocrx_word' id='word_1_315' title='bbox 1905 3378 2201 3436; x_wconf 80' lang='lat' dir='ltr'><strong>avertendo</strong></span> <span class='ocrx_word' id='word_1_316' title='bbox 2236 3379 2446 3432; x_wconf 83' lang='lat' dir='ltr'><strong>morbo.</strong></span> <span class='ocrx_word' id='word_1_317' title='bbox 2485 3375 2576 3428; x_wconf 82' lang='lat' dir='ltr'><strong>Sic</strong></span> 
     </span>
     <span class='ocr_line' id='line_1_33' title="bbox 431 3460 2578 3535; baseline -0.002 -18"><span class='ocrx_word' id='word_1_318' title='bbox 431 3461 741 3535; x_wconf 78' lang='lat' dir='ltr'><strong>AEsculapio</strong></span> <span class='ocrx_word' id='word_1_319' title='bbox 772 3462 949 3534; x_wconf 76' lang='lat' dir='ltr'><strong>gallus</strong></span> <span class='ocrx_word' id='word_1_320' title='bbox 974 3461 1361 3514; x_wconf 79' lang='lat' dir='ltr'><strong>immolabatur</strong></span> <span class='ocrx_word' id='word_1_321' title='bbox 1382 3461 1453 3514; x_wconf 84' lang='lat' dir='ltr'><strong>ab</strong></span> <span class='ocrx_word' id='word_1_322' title='bbox 1479 3463 1548 3515; x_wconf 75' lang='lat' dir='ltr'><strong>iis</strong></span> <span class='ocrx_word' id='word_1_323' title='bbox 1565 3502 1580 3528; x_wconf 90' lang='lat'><strong>,</strong></span> <span class='ocrx_word' id='word_1_324' title='bbox 1617 3465 1712 3535; x_wconf 85' lang='lat' dir='ltr'><strong>qui</strong></span> <span class='ocrx_word' id='word_1_325' title='bbox 1738 3465 2126 3518; x_wconf 71' lang='lat' dir='ltr'><strong>convaluerant</strong></span> <span class='ocrx_word' id='word_1_326' title='bbox 2140 3504 2156 3530; x_wconf 89' lang='lat'>‚</span> <span class='ocrx_word' id='word_1_327' title='bbox 2189 3461 2336 3516; x_wconf 82' lang='lat' dir='ltr'><strong>unde</strong></span> <span class='ocrx_word' id='word_1_328' title='bbox 2363 3480 2418 3514; x_wconf 78' lang='lat' dir='ltr'><strong>se</strong></span> <span class='ocrx_word' id='word_1_329' title='bbox 2447 3460 2578 3514; x_wconf 82' lang='lat' dir='ltr'><strong>hnio</strong></span> 
     </span>
     <span class='ocr_line' id='line_1_34' title="bbox 430 3541 2574 3618; baseline -0 -20"><span class='ocrx_word' id='word_1_330' title='bbox 430 3545 533 3599; x_wconf 85' lang='lat' dir='ltr'><strong>deo</strong></span> <span class='ocrx_word' id='word_1_331' title='bbox 551 3545 753 3617; x_wconf 77' lang='lat' dir='ltr'><strong>gallum</strong></span> <span class='ocrx_word' id='word_1_332' title='bbox 776 3545 975 3600; x_wconf 79' lang='lat' dir='ltr'><strong>debere</strong></span> <span class='ocrx_word' id='word_1_333' title='bbox 1005 3541 1139 3596; x_wconf 83' lang='lat' dir='ltr'><strong>dicit</strong></span> <span class='ocrx_word' id='word_1_334' title='bbox 1159 3544 1407 3598; x_wconf 86' lang='lat' dir='ltr'><strong>Socrates</strong></span> <span class='ocrx_word' id='word_1_335' title='bbox 1430 3544 1580 3618; x_wconf 80' lang='lat' dir='ltr'><strong>apud</strong></span> <span class='ocrx_word' id='word_1_336' title='bbox 1607 3549 1747 3604; x_wconf 81' lang='lat' dir='ltr'><strong>Plat.</strong></span> <span class='ocrx_word' id='word_1_337' title='bbox 1771 3550 1827 3603; x_wconf 88' lang='lat' dir='ltr'><strong>in</strong></span> <span class='ocrx_word' id='word_1_338' title='bbox 1850 3548 2034 3602; x_wconf 74' lang='lat' dir='ltr'><strong>Phaed.</strong></span> <span class='ocrx_word' id='word_1_339' title='bbox 2054 3544 2319 3604; x_wconf 85' lang='lat' dir='ltr'><strong>Wernsd.</strong></span> <span class='ocrx_word' id='word_1_340' title='bbox 2341 3547 2399 3598; x_wconf 91' lang='lat' dir='ltr'><strong>in</strong></span> <span class='ocrx_word' id='word_1_341' title='bbox 2427 3545 2574 3598; x_wconf 85' lang='lat' dir='ltr'><strong>Poet.</strong></span> 
     </span>
     <span class='ocr_line' id='line_1_35' title="bbox 430 3627 2576 3705; baseline -0.002 -20"><span class='ocrx_word' id='word_1_342' title='bbox 430 3633 550 3685; x_wconf 81' lang='lat' dir='ltr'><strong>Lat.</strong></span> <span class='ocrx_word' id='word_1_343' title='bbox 574 3629 703 3684; x_wconf 86' lang='lat' dir='ltr'><strong>min.</strong></span> <span class='ocrx_word' id='word_1_344' title='bbox 724 3628 975 3683; x_wconf 84' lang='lat' dir='ltr'><strong>editionis</strong></span> <span class='ocrx_word' id='word_1_345' title='bbox 1000 3627 1165 3700; x_wconf 82' lang='lat' dir='ltr'><strong>hujus</strong></span> <span class='ocrx_word' id='word_1_346' title='bbox 1180 3666 1197 3694; x_wconf 87' lang='lat'><strong>,</strong></span> <span class='ocrx_word' id='word_1_347' title='bbox 1226 3641 1265 3681; x_wconf 89' lang='lat' dir='ltr'><strong>t.</strong></span> <span class='ocrx_word' id='word_1_348' title='bbox 1293 3630 1321 3681; x_wconf 94' lang='lat'>1</span> <span class='ocrx_word' id='word_1_349' title='bbox 1339 3668 1354 3692; x_wconf 94' lang='lat'><strong>,</strong></span> <span class='ocrx_word' id='word_1_350' title='bbox 1374 3649 1429 3702; x_wconf 89' lang='lat' dir='ltr'><strong>p.</strong></span> <span class='ocrx_word' id='word_1_351' title='bbox 1454 3647 1544 3698; x_wconf 84' lang='lat'><strong>9¹·</strong></span> <span class='ocrx_word' id='word_1_352' title='bbox 1569 3655 1592 3677; x_wconf 77' lang='grc' dir='ltr'><strong>ιι</strong></span> <span class='ocrx_word' id='word_1_353' title='bbox 1608 3632 1688 3684; x_wconf 71' lang='lat' dir='ltr'><strong>Ab</strong></span> <span class='ocrx_word' id='word_1_354' title='bbox 1707 3633 1891 3705; x_wconf 70' lang='lat' dir='ltr'><strong>guilis,</strong></span> <span class='ocrx_word' id='word_1_355' title='bbox 1915 3633 2122 3705; x_wconf 80' lang='lat' dir='ltr'><strong>inquit,</strong></span> <span class='ocrx_word' id='word_1_356' title='bbox 2144 3631 2317 3684; x_wconf 86' lang='lat' dir='ltr'><strong>multa</strong></span> <span class='ocrx_word' id='word_1_357' title='bbox 2337 3627 2576 3683; x_wconf 59' lang='lat' dir='ltr'><strong>remedia</strong></span> 
     </span>
     <span class='ocr_line' id='line_1_36' title="bbox 428 3713 2579 3788; baseline -0.002 -18"><span class='ocrx_word' id='word_1_358' title='bbox 428 3715 743 3770; x_wconf 81' lang='lat' dir='ltr'><strong>morborum</strong></span> <span class='ocrx_word' id='word_1_359' title='bbox 758 3713 915 3786; x_wconf 79' lang='lat' dir='ltr'><strong>petiit</strong></span> <span class='ocrx_word' id='word_1_360' title='bbox 924 3726 1079 3769; x_wconf 79' lang='lat' dir='ltr'><strong>vetus</strong></span> <span class='ocrx_word' id='word_1_361' title='bbox 1104 3713 1434 3786; x_wconf 83' lang='lat' dir='ltr'><strong>superstitio.</strong></span> <span class='ocrx_word' id='word_1_362' title='bbox 1455 3715 1598 3768; x_wconf 83' lang='lat' dir='ltr'><strong>Exta</strong></span> <span class='ocrx_word' id='word_1_363' title='bbox 1618 3735 1806 3770; x_wconf 82' lang='lat' dir='ltr'><strong>eorum</strong></span> <span class='ocrx_word' id='word_1_364' title='bbox 1829 3728 1883 3770; x_wconf 88' lang='lat' dir='ltr'><strong>et</strong></span> <span class='ocrx_word' id='word_1_365' title='bbox 1904 3716 2091 3777; x_wconf 80' lang='lat' dir='ltr'><strong>fibras,</strong></span> <span class='ocrx_word' id='word_1_366' title='bbox 2115 3727 2176 3768; x_wconf 90' lang='lat' dir='ltr'><strong>ut</strong></span> <span class='ocrx_word' id='word_1_367' title='bbox 2200 3715 2408 3788; x_wconf 82' lang='lat' dir='ltr'><strong>opimas</strong></span> <span class='ocrx_word' id='word_1_368' title='bbox 2423 3713 2579 3767; x_wconf 83' lang='lat' dir='ltr'><strong>victi-</strong></span> 
     </span>
     <span class='ocr_line' id='line_1_37' title="bbox 430 3790 2579 3871; baseline -0.002 -18"><span class='ocrx_word' id='word_1_369' title='bbox 430 3819 543 3853; x_wconf 80' lang='lat' dir='ltr'><strong>mas</strong></span> <span class='ocrx_word' id='word_1_370' title='bbox 556 3837 572 3864; x_wconf 90' lang='lat'><strong>,</strong></span> <span class='ocrx_word' id='word_1_371' title='bbox 604 3797 709 3852; x_wconf 84' lang='lat' dir='ltr'><strong>diis</strong></span> <span class='ocrx_word' id='word_1_372' title='bbox 736 3797 1132 3870; x_wconf 79' lang='lat' dir='ltr'><strong>acceptissimas</strong></span> <span class='ocrx_word' id='word_1_373' title='bbox 1150 3815 1262 3852; x_wconf 83' lang='lat' dir='ltr'><strong>esse</strong></span> <span class='ocrx_word' id='word_1_374' title='bbox 1281 3797 1449 3851; x_wconf 79' lang='lat' dir='ltr'><strong>tradit</strong></span> <span class='ocrx_word' id='word_1_375' title='bbox 1466 3799 1606 3852; x_wconf 87' lang='lat' dir='ltr'><strong>Plin.</strong></span> <span class='ocrx_word' id='word_1_376' title='bbox 1629 3801 1681 3852; x_wconf 89' lang='lat' dir='ltr'><strong>X</strong></span> <span class='ocrx_word' id='word_1_377' title='bbox 1695 3838 1712 3864; x_wconf 87' lang='lat'>,</span> <span class='ocrx_word' id='word_1_378' title='bbox 1741 3816 1826 3866; x_wconf 79' lang='lat'><strong>21,</strong></span> <span class='ocrx_word' id='word_1_379' title='bbox 1847 3790 1975 3853; x_wconf 64' lang='lat' dir='ltr'><strong>.&#39;...et</strong></span> <span class='ocrx_word' id='word_1_380' title='bbox 1996 3801 2212 3854; x_wconf 82' lang='lat' dir='ltr'><strong>cristam</strong></span> <span class='ocrx_word' id='word_1_381' title='bbox 2231 3801 2363 3871; x_wconf 83' lang='lat' dir='ltr'><strong>galli</strong></span> <span class='ocrx_word' id='word_1_382' title='bbox 2381 3798 2579 3852; x_wconf 85' lang='lat' dir='ltr'><strong>contri-</strong></span> 
     </span>
     <span class='ocr_line' id='line_1_38' title="bbox 434 3880 2577 3954; baseline -0 -19"><span class='ocrx_word' id='word_1_383' title='bbox 434 3895 546 3935; x_wconf 78' lang='lat' dir='ltr'><strong>tam</strong></span> <span class='ocrx_word' id='word_1_384' title='bbox 559 3881 850 3936; x_wconf 83' lang='lat' dir='ltr'><strong>efficaciter</strong></span> <span class='ocrx_word' id='word_1_385' title='bbox 862 3881 1067 3954; x_wconf 84' lang='lat' dir='ltr'><strong>imponi</strong></span> <span class='ocrx_word' id='word_1_386' title='bbox 1088 3880 1211 3934; x_wconf 80' lang='lat' dir='ltr'><strong>cani</strong></span> <span class='ocrx_word' id='word_1_387' title='bbox 1224 3919 1240 3946; x_wconf 90' lang='lat'><strong>,</strong></span> <span class='ocrx_word' id='word_1_388' title='bbox 1259 3898 1440 3934; x_wconf 81' lang='lat' dir='ltr'><strong>morso</strong></span> <span class='ocrx_word' id='word_1_389' title='bbox 1460 3881 1532 3934; x_wconf 76' lang='lat' dir='ltr'><strong>ab</strong></span> <span class='ocrx_word' id='word_1_390' title='bbox 1555 3882 1664 3935; x_wconf 87' lang='lat' dir='ltr'><strong>alio</strong></span> <span class='ocrx_word' id='word_1_391' title='bbox 1685 3883 1921 3944; x_wconf 83' lang='lat' dir='ltr'><strong>rabioso,</strong></span> <span class='ocrx_word' id='word_1_392' title='bbox 1939 3881 2013 3936; x_wconf 86' lang='lat' dir='ltr'><strong>id.</strong></span> <span class='ocrx_word' id='word_1_393' title='bbox 2037 3884 2246 3947; x_wconf 83' lang='lat' dir='ltr'><strong>XXIX,</strong></span> <span class='ocrx_word' id='word_1_394' title='bbox 2271 3883 2320 3946; x_wconf 85' lang='lat'><strong>5,</strong></span> <span class='ocrx_word' id='word_1_395' title='bbox 2341 3902 2438 3937; x_wconf 86' lang='lat' dir='ltr'><strong>seu</strong></span> <span class='ocrx_word' id='word_1_396' title='bbox 2459 3884 2577 3936; x_wconf 77' lang='lat'><strong>32.»</strong></span> 
     </span>
     <span class='ocr_line' id='line_1_39' title="bbox 431 3963 2577 4040; baseline -0.001 -20"><span class='ocrx_word' id='word_1_397' title='bbox 431 3967 587 4020; x_wconf 81' lang='lat' dir='ltr'><strong>conf.</strong></span> <span class='ocrx_word' id='word_1_398' title='bbox 615 3984 782 4040; x_wconf 81' lang='lat' dir='ltr'><strong>supra</strong></span> <span class='ocrx_word' id='word_1_399' title='bbox 802 3965 942 4031; x_wconf 84' lang='lat' dir='ltr'><strong>XII,</strong></span> <span class='ocrx_word' id='word_1_400' title='bbox 964 3968 1063 4034; x_wconf 73' lang='lat'><strong>963</strong></span> <span class='ocrx_word' id='word_1_401' title='bbox 1084 3964 1221 4018; x_wconf 86' lang='lat' dir='ltr'><strong>Plin.</strong></span> <span class='ocrx_word' id='word_1_402' title='bbox 1242 3965 1323 4029; x_wconf 86' lang='lat' dir='ltr'><strong>X,</strong></span> <span class='ocrx_word' id='word_1_403' title='bbox 1346 3963 1434 4030; x_wconf 86' lang='lat'><strong>56,</strong></span> <span class='ocrx_word' id='word_1_404' title='bbox 1453 3983 1546 4018; x_wconf 84' lang='lat' dir='ltr'><strong>seu</strong></span> <span class='ocrx_word' id='word_1_405' title='bbox 1569 3983 1658 4035; x_wconf 86' lang='lat'><strong>77,</strong></span> <span class='ocrx_word' id='word_1_406' title='bbox 1679 3978 1735 4018; x_wconf 88' lang='lat' dir='ltr'><strong>et</strong></span> <span class='ocrx_word' id='word_1_407' title='bbox 1751 3966 1968 4020; x_wconf 79' lang='lat' dir='ltr'><strong>Jacobs.</strong></span> <span class='ocrx_word' id='word_1_408' title='bbox 1997 3965 2069 4020; x_wconf 85' lang='lat' dir='ltr'><strong>ad</strong></span> <span class='ocrx_word' id='word_1_409' title='bbox 2089 3967 2380 4038; x_wconf 79' lang='lat' dir='ltr'><strong>Antholog.</strong></span> <span class='ocrx_word' id='word_1_410' title='bbox 2402 3967 2577 4020; x_wconf 74' lang='lat' dir='ltr'><strong>Graec.</strong></span> 
     </span>
     <span class='ocr_line' id='line_1_40' title="bbox 434 4045 2577 4123; baseline -0.002 -21"><span class='ocrx_word' id='word_1_411' title='bbox 434 4062 565 4102; x_wconf 84' lang='lat' dir='ltr'><strong>tom.</strong></span> <span class='ocrx_word' id='word_1_412' title='bbox 600 4051 688 4117; x_wconf 89' lang='lat'><strong>11,</strong></span> <span class='ocrx_word' id='word_1_413' title='bbox 710 4059 851 4122; x_wconf 82' lang='lat' dir='ltr'><strong>part.</strong></span> <span class='ocrx_word' id='word_1_414' title='bbox 882 4051 941 4114; x_wconf 86' lang='lat'><strong>1,</strong></span> <span class='ocrx_word' id='word_1_415' title='bbox 967 4065 1091 4122; x_wconf 73' lang='lat' dir='ltr'><strong>pag.</strong></span> <span class='ocrx_word' id='word_1_416' title='bbox 1125 4065 1240 4100; x_wconf 75' lang='grc'><strong>133.</strong></span> <span class='ocrx_word' id='word_1_417' title='bbox 1281 4049 1363 4100; x_wconf 87' lang='lat' dir='ltr'><strong>De</strong></span> <span class='ocrx_word' id='word_1_418' title='bbox 1392 4050 1675 4116; x_wconf 71' lang='lat' dir='ltr'><strong>AEseutapio</strong></span> <span class='ocrx_word' id='word_1_419' title='bbox 1699 4048 1922 4122; x_wconf 83' lang='lat' dir='ltr'><strong>ejusque</strong></span> <span class='ocrx_word' id='word_1_420' title='bbox 1949 4048 2180 4106; x_wconf 78' lang='lat' dir='ltr'><strong>historia</strong></span> <span class='ocrx_word' id='word_1_421' title='bbox 2199 4050 2440 4123; x_wconf 80' lang='lat' dir='ltr'><strong>mythica</strong></span> <span class='ocrx_word' id='word_1_422' title='bbox 2466 4045 2577 4100; x_wconf 79' lang='lat' dir='ltr'><strong>vid.</strong></span> 
     </span>
     <span class='ocr_line' id='line_1_41' title="bbox 430 4131 2470 4208; baseline 0 -24"><span class='ocrx_word' id='word_1_423' title='bbox 430 4133 675 4184; x_wconf 74' lang='lat' dir='ltr'><strong>Gremt&#39;s</strong></span> <span class='ocrx_word' id='word_1_424' title='bbox 688 4134 980 4198; x_wconf 69' lang='lat' dir='ltr'><strong>symbolick,</strong></span> <span class='ocrx_word' id='word_1_425' title='bbox 1012 4143 1142 4186; x_wconf 87' lang='lat' dir='ltr'><strong>tom.</strong></span> <span class='ocrx_word' id='word_1_426' title='bbox 1164 4131 1224 4184; x_wconf 91' lang='lat'><strong>11</strong></span> <span class='ocrx_word' id='word_1_427' title='bbox 1242 4167 1259 4196; x_wconf 93' lang='lat'><strong><em>,</em></strong></span> <span class='ocrx_word' id='word_1_428' title='bbox 1278 4147 1403 4202; x_wconf 77' lang='lat' dir='ltr'><strong>pag.</strong></span> <span class='ocrx_word' id='word_1_429' title='bbox 1428 4131 1530 4196; x_wconf 79' lang='grc'><strong>348</strong></span> <span class='ocrx_word' id='word_1_430' title='bbox 1549 4150 1662 4204; x_wconf 80' lang='lat' dir='ltr'><strong>seq.</strong></span> <span class='ocrx_word' id='word_1_431' title='bbox 1687 4133 1806 4196; x_wconf 84' lang='grc'><strong>386,</strong></span> <span class='ocrx_word' id='word_1_432' title='bbox 1837 4133 1940 4188; x_wconf 84' lang='grc'><strong>336</strong></span> <span class='ocrx_word' id='word_1_433' title='bbox 1963 4153 2073 4208; x_wconf 83' lang='lat' dir='ltr'><strong>seq.</strong></span> <span class='ocrx_word' id='word_1_434' title='bbox 2097 4134 2216 4201; x_wconf 86' lang='lat'>111,</span> <span class='ocrx_word' id='word_1_435' title='bbox 2240 4133 2340 4197; x_wconf 71' lang='lat'><strong>248</strong></span> <span class='ocrx_word' id='word_1_436' title='bbox 2360 4150 2470 4202; x_wconf 86' lang='lat' dir='ltr'><strong>seq.</strong></span> 
     </span>
    </p>
   </div>
  </div>
 </body>
</html>
