3050 4884
532 413 877 498 SATIRAE
912 411 1277 479 DECIMAE
1304 413 1697 496 QUARTAE
1721 413 2370 480 ARGUMENTUM.
2431 431 2556 500 297

422 543 715 617 96-106,
754 543 840 597 Ita
881 542 945 598 in
983 541 1220 616 reliquis
1256 559 1492 616 quoque
1535 541 1707 598 rebus
1747 553 1954 616 sponte
1987 561 2089 598 sua
2124 541 2297 598 liberi
2321 539 2560 616 vestigia

420 660 721 721 parentum
756 659 1185 723 persequuntur
1216 669 1230 704 :
1262 648 1385 704 sola
1429 647 1689 722 pecuniae
1725 647 2037 723 cupiditate
2076 646 2248 703 inviti
2285 643 2571 719 insciique

425 750 882 823 inflammantur,
924 751 1199 826 quoniam
1232 762 1417 828 pater,
1462 761 1531 806 ut
1573 751 1806 807 virtutis
1849 769 1948 808 eos
1988 749 2176 825 specie
2219 748 2377 804 fallat
2387 788 2409 815 ,
2448 764 2577 821 quae

428 835 661 911 avaritia
690 867 807 927 est,
838 855 1254 930 parcimoniam
1274 856 1554 930 appellat,
1579 867 1920 931 tenerasque
1949 855 2184 913 illorum
2204 864 2422 910 mentes
2444 869 2578 926 pau-

428 961 587 1016 latim
614 961 785 1035 hujus
816 961 945 1017 vitii
976 959 1269 1018 elementis
1304 961 1544 1032 imbuit,
1591 969 1922 1034 107—124.
1969 963 2113 1032 Quae
2144 961 2193 1017 si
2227 960 2339 1018 rite
2371 958 2576 1016 animis

426 1066 782 1123 imbiberunt
795 1108 814 1138 ,
837 1077 1118 1123 extremas
1137 1085 1235 1122 eos
1254 1066 1453 1123 sordes
1473 1065 1672 1137 docet,
1695 1065 2044 1123 defi-andans
2064 1083 2264 1122 servos
2288 1061 2575 1120 dernensis

432 1172 544 1227 suis
558 1213 577 1242 ,
608 1172 933 1247 famemque
953 1171 1064 1228 sibi
1096 1173 1330 1246 explens
1358 1171 1605 1229 mucidis
1627 1172 1790 1247 panis
1812 1171 2009 1228 frustis
2023 1211 2040 1241 ,
2074 1181 2134 1227 et
2158 1169 2418 1244 opsoniis
2435 1177 2576 1224 aestu

431 1278 747 1354 corruptis,
779 1297 906 1354 quae
937 1279 1029 1334 vel
1076 1275 1325 1334 mendici
1369 1277 1693 1352 respuerint
1708 1317 1725 1346 ,
1777 1269 2107 1342 125-134,
2149 1273 2392 1330 Nullum
2436 1289 2580 1330 vero

430 1383 635 1439 vitium
668 1383 899 1440 stultius
933 1395 1019 1440 est
1058 1383 1399 1458 turpiusque
1439 1379 1675 1438 avaritia
1707 1402 1721 1436 :
1759 1389 2025 1454 potestne
2067 1375 2222 1434 enim
2263 1376 2580 1452 quidquam

432 1505 550 1544 esse
576 1488 907 1559 absurdius,
934 1507 1108 1563 quam
1133 1488 1341 1545 misere
1367 1487 1708 1559 duriterque
1729 1484 1956 1556 vivere,
1991 1494 2060 1538 ut
2083 1481 2246 1538 dives
2268 1481 2581 1538 moriaris?

438 1588 766 1664 135-137.
792 1596 1073 1648 Praeterea
1090 1609 1296 1648 avarus
1313 1633 1329 1661 ,
1351 1609 1467 1666 quo
1486 1591 1655 1665 plura
1675 1589 1960 1664 possidet,
1985 1607 2055 1645 eo
2076 1590 2246 1664 plura
2264 1587 2426 1663 cupit
2439 1631 2456 1659 ,
2487 1599 2545 1644 et
2561 1629 2578 1657 ‚

434 1679 691 1770 quamvis
718 1715 887 1774 agros
919 1695 1072 1773 agris
1096 1695 1358 1771 adjiciat,
1384 1693 1641 1750 vicinum
1657 1736 1674 1764 ,
1705 1694 1755 1751 si
1779 1713 1900 1751 non
1923 1693 2056 1767 jure
2083 1706 2142 1751 et
2175 1694 2390 1769 pretio,
2425 1704 2581 1751 certe

435 1800 645 1876 injuria
668 1812 728 1860 et
751 1783 1051 1858 fraudibus
1075 1801 1273 1876 pellit,
1304 1817 1511 1874 parum
1541 1797 1853 1867 sollicitus,
1889 1809 2090 1854 utrum
2116 1798 2294 1870 bene,
2322 1816 2397 1852 an
2431 1798 2581 1854 male

436 1901 659 1974 audiat,
689 1901 1021 1960 138—155.
1048 1904 1170 1959 Nec
1205 1914 1397 1958 tamen
1432 1901 1650 1958 divitiis
1672 1903 1787 1958 suis
1809 1903 1903 1958 vel
1925 1921 2168 1976 corpus,
2202 1902 2296 1958 vel
2325 1903 2586 1958 animum

435 2007 773 2084 aegritudine
798 2009 991 2064 levare
1020 2019 1244 2083 potest,
1282 2007 1611 2064 156-160.
1653 2007 1891 2062 Veteres
1921 2005 2200 2074 Romani,
2230 2015 2393 2061 aetate
2415 2005 2580 2060 belli-

438 2130 549 2187 que
578 2112 875 2168 laboribus
902 2111 1178 2183 confecti,
1212 2123 1344 2187 post
1364 2123 1479 2167 tam
1507 2110 1739 2186 egregie
1755 2121 2020 2167 navatam
2047 2111 2133 2167 rei
2155 2111 2401 2186 publicae
2428 2128 2577 2185 ope-

436 2234 590 2285 ram,
634 2214 787 2271 binis
822 2214 1122 2292 jugeribus
1140 2257 1157 2286 ,
1203 2216 1421 2290 praemii
1461 2218 1595 2273 loco
1643 2216 1889 2291 acceptis
1915 2258 1933 2287 ,
1976 2215 2238 2273 contenti
2273 2227 2472 2288 erant,
2519 2227 2577 2273 et

434 2322 595 2396 pulte
611 2321 884 2376 vivebant
902 2362 920 2392 ,
952 2321 1277 2393 161--171.
1309 2321 1478 2378 Nunc
1498 2319 1660 2377 horti
1682 2321 1990 2396 ampliores
2027 2300 2194 2393 sunt,
2233 2341 2409 2396 quam
2435 2322 2576 2379 olim

434 2426 589 2502 agri,
623 2437 683 2484 et
720 2425 1052 2483 insatiabilis
1089 2425 1343 2484 habendi
1374 2425 1654 2501 cupiditas
1683 2426 1930 2502 plurima
1957 2425 2264 2493 veneficia,
2299 2425 2480 2482 caedes
2520 2437 2581 2483 et

439 2532 652 2587 scelera
680 2529 1094 2607 cujuscumque
1121 2533 1347 2608 generis
1379 2532 1600 2609 gignit,
1636 2531 1964 2603 172—178.
1993 2531 2173 2587 Prisci
2200 2530 2405 2603 Marsi,
2431 2532 2582 2588 Her—

440 2633 557 2691 nici
582 2654 647 2692 ac
667 2633 892 2690 Vestini
915 2634 1303 2712 frugalitatem
1322 2634 1564 2712 agrique
1587 2636 1874 2692 culturam
1894 2632 2028 2690 filiis
2059 2634 2176 2690 suis
2203 2634 2579 2690 commenda-

442 2738 613 2808 bant,
636 2737 909 2814 tenuique
932 2737 1093 2796 victu
1114 2739 1294 2794 vitam
1320 2749 1640 2796 sustentare
1662 2737 1955 2808 solebant,
1993 2735 2323 2808 178—188.
2351 2738 2580 2794 Nostris

438 2853 642 2898 contra
667 2842 1025 2916 temporibus
1054 2854 1112 2898 et
1145 2853 1335 2916 patres
1373 2853 1434 2898 et
1458 2842 1715 2900 nutrices
1746 2842 2019 2919 parvulos
2051 2840 2320 2898 omnibus
2342 2843 2415 2899 iis
2439 2843 2581 2900 arti-

443 2949 553 3005 bus
567 2989 586 3019 ,
609 2948 781 3004 etiam
794 2947 1081 3006 vilissimis
1097 2991 1115 3022 ,
1134 2948 1460 3019 instruunt,
1486 2967 1519 3004 e
1545 2948 1756 3023 quibus
1777 2949 2004 3004 lucrum
2032 2946 2255 3022 possint
2280 2948 2494 3021 facere,
2524 2959 2584 3006 et

445 3053 759 3131 diligenter
776 3054 846 3110 iis
866 3053 1157 3110 inculcant
1172 3055 1329 3111 illam
1354 3063 1538 3128 poetae
1559 3052 1900 3111 sententiam
1921 3075 1934 3107 ε
1963 3075 1988 3103 α
2010 3051 2185 3109 Unde
2203 3052 2411 3109 habeas
2433 3071 2584 3128 quae-

443 3161 731 3232 ritnemo,
750 3159 854 3216 sed
867 3170 1104 3234 oportet
1116 3160 1330 3217 habere
1350 3184 1375 3212 a»
1390 3200 1411 3228 ,
1444 3159 1774 3234 189—209.
1795 3157 1917 3213 Cur
1933 3175 2076 3214 vero
2097 3168 2396 3231 tantopere
2409 3175 2580 3232 urges

440 3263 624 3323 filium
649 3276 845 3337 tuum,
879 3265 1209 3322 stultissime
1246 3284 1482 3341 parens,
1514 3277 1582 3321 ut
1620 3275 1842 3320 mature
1879 3281 2088 3338 parcus
2116 3264 2191 3319 sit
2223 3275 2282 3318 et
2315 3262 2572 3338 pecuniae

438 3368 677 3426 avidus?
710 3370 901 3439 Quam
934 3369 1189 3443 primum
1229 3349 1383 3426 enim
1419 3367 1776 3439 adoleverit,
1805 3386 1930 3423 non
1967 3379 2084 3435 est,
2121 3365 2284 3442 quod
2314 3365 2570 3435 dubites,

438 3473 579 3548 quin
610 3484 667 3529 te
690 3471 881 3547 ipsum
904 3472 1139 3529 avaritia
1167 3485 1425 3548 superet,
1456 3484 1518 3530 et
1547 3473 1700 3530 falsis
1732 3473 2101 3543 testimoniis,
2129 3471 2399 3546 perjuriis
2427 3491 2578 3528 uxo-

436 3575 629 3650 risque
645 3576 799 3633 caede
811 3575 1040 3633 divitias
1054 3585 1299 3652 quaerat,
1331 3584 1664 3645 tuo-424.
1685 3578 1915 3633 Horum
1933 3576 2214 3631 scelerum
2231 3573 2354 3648 ipse
2370 3585 2578 3632 auctor

434 3699 492 3737 es
522 3681 835 3738 censendus
858 3702 871 3736 :
897 3681 1247 3756 quicumque
1273 3679 1428 3736 enim
1448 3679 1612 3736 malis
1632 3680 1852 3736 artibus
1881 3697 2004 3736 rem
2032 3677 2372 3736 familiarem
2393 3677 2566 3736 alicui

435 3803 643 3862 augere
670 3784 955 3861 permittit
984 3795 1045 3842 et
1074 3786 1314 3840 stultum
1348 3782 1491 3841 dicit
1526 3802 1675 3855 esse,
1704 3783 1808 3858 qui
1837 3781 2158 3839 amicorum
2193 3781 2568 3858 propinquo-

428 3907 673 3964 rumque
702 3886 914 3962 inopiae
948 3887 1283 3959 subveniat,
1318 3887 1365 3943 is
1392 3907 1627 3962 quoque
1653 3887 1933 3962 spoliare,
1964 3886 2239 3962 decipere
2269 3897 2327 3942 et
2360 3867 2572 3961 quovis

435 3993 615 4050 modo
632 4011 770 4067 opes
794 3991 905 4048 sibi
926 3992 1223 4068 acquirere
1242 3991 1415 4048 docet
1436 4012 1503 4048 ac
1528 3991 1757 4062 suadet,
1788 3989 2118 4058 225—243.
2141 3992 2351 4048 Filium
2377 3990 2572 4066 itaque

436 4109 597 4154 tuum
622 4097 815 4155 adulta
842 4107 1003 4155 aetate
1030 4094 1425 4170 inexplebilis,
1456 4115 1568 4170 qua
1598 4115 1724 4153 eum
1751 4096 2089 4172 incendisti,
2119 4096 2374 4172 pecuniae
2408 4095 2574 4170 cupi-
