3050 4884
889 680 1359 770 SATIRAE
1411 675 2203 769 DUODECIMAE

1226 871 1863 930 ARGUMENTUM.

899 1123 1077 1188 Arguit
1097 1123 1206 1172 haec
1226 1121 1400 1171 avidos
1418 1121 1631 1170 nimium
1650 1119 1961 1184 nimiumque
1982 1133 2194 1184 rapaces.

507 1289 894 1328 antunna-
926 1301 1001 1318 ·--··
1028 1289 1250 1325 008⁶!ssss
1291 1287 1695 1324 uxnxnu’nn.
1730 1299 1805 1314 --
1834 1287 1911 1322 DE
1950 1286 2164 1324 annm
2210 1285 2472 1322 cerutu-
2513 1299 2588 1314 -ν

643 1379 722 1414 ΠΙ
741 1377 952 1414 annun
973 1375 1222 1411 GA'I'ULU
1247 1375 1325 1410 u>
1347 1371 1667 1410 canutum.
1688 1385 1761 1396 —
1781 1372 1847 1407 ΙΙ
1867 1371 2067 1408 Avtnos
2088 1371 2159 1408 21·
2178 1371 2438 1408 tancu-

546 1637 843 1697 Juvenalis
870 1635 1072 1696 scribit
1099 1635 1388 1707 Corvino,
1425 1653 1486 1692 se
1519 1635 1601 1692 ob
1633 1634 1889 1692 reditum
1922 1633 2166 1706 Catulli,
2196 1635 2365 1694 amici
2398 1635 2515 1708 sui,
2547 1657 2617 1696 ex

469 1745 794 1821 periculosa
814 1742 1180 1820 navigatione
1199 1753 1336 1799 vota
1357 1741 1482 1798 Diis
1502 1742 1939 1818 persoluturum
1956 1759 2106 1811 esse,
2121 1760 2206 1798 vs.
2240 1744 2451 1800 1—16.
2471 1745 2623 1802 Tum

468 1848 748 1908 describit
765 1847 1131 1908 saevissimam
1155 1857 1553 1924 tempestatem
1566 1891 1585 1920 ,
1612 1867 1727 1924 qua
1748 1857 1953 1906 coorta
1970 1847 2219 1906 arserint
2234 1850 2383 1918 vela,
2402 1861 2461 1908 et
2484 1849 2627 1908 ami·-

467 1973 572 2012 ου
585 1993 604 2024 ,
633 1963 702 2010 ut
720 1952 1227 2028 praesentissimum
1251 1952 1541 2030 effugeret
1566 1953 1919 2030 periculum,
1950 1954 2266 2029 pretiosam
2294 1955 2627 2031 supellecti-

465 2058 586 2115 lem
599 2057 662 2113 iu
679 2075 840 2116 mare
859 2057 1110 2132 abjicere
1127 2057 1458 2134 malumque
1474 2068 1775 2134 amputare
1795 2069 2026 2115 coactus
2046 2058 2141 2130 sit,
2160 2057 2349 2116 donec
2368 2059 2623 2130 tandem,

471 2165 788 2240 tranquilla
811 2164 932 2221 caeli
952 2165 1260 2223 serenitate
1288 2185 1353 2223 ac
1379 2167 1504 2222 sole
1531 2181 1663 2221 cum
1686 2181 1789 2240 spe
1809 2163 1942 2220 vita
1966 2162 2273 2233 redeunte,
2306 2165 2489 2220 lacera
2518 2183 2626 2220 na-

469 2267 559 2326 vis
575 2279 816 2345 portum
830 2268 1154 2328 Ostiensem
1175 2269 1446 2340 tenuerit,
1475 2287 1500 2324 1
1512 2267 1726 2342 7--82.
1742 2269 1947 2346 Itaque
1966 2279 2138 2344 poeta
2152 2288 2272 2345 prae
2292 2269 2505 2351 gaudio
2524 2268 2625 2326 vix

470 2374 562 2432 sui
579 2393 838 2450 compos,
857 2393 1056 2433 servos
1071 2393 1248 2450 seque
1265 2375 1454 2451 ipsum
1471 2373 1548 2430 ad
1569 2371 1771 2431 festam
1791 2373 1964 2448 hujus
1984 2373 2102 2430 diei
2121 2375 2379 2432 laetitiam
2390 2384 2449 2432 et
2466 2393 2629 2434 sacra

469 2477 632 2549 Diis,
660 2485 786 2536 tum
804 2477 1148 2554 majoribus,
1177 2489 1302 2535 tum
1325 2475 1683 2548 domestieiS,
1710 2476 1969 2534 facienda
1993 2477 2231 2550 excitat,
2262 2477 2515 2553 83-92.
2536 2479 2628 2536 Ne

469 2601 616 2640 vero
655 2584 785 2658 quis
818 2583 1160 2658 suspicetur,
1189 2583 1311 2640 haec
1341 2581 1416 2640 ad
1445 2580 1829 2640 hereditatem
1854 2581 2069 2640 Catulli
2092 2581 2432 2658 captandam
2459 2593 2627 2658 spec*-

471 2697 621 2756 tare,
641 2697 872 2750 monet.
897 2687 952 2744 ei
981 2697 1097 2744 tres
1123 2704 1244 2744 esse
1266 2685 1485 2743 liberos
1499 2727 1517 2758 ‚
1544 2695 1603 2742 et
1621 2684 1799 2743 Novii
1812 2727 1831 2756 ‚
1852 2697 1953 2744 aut
1970 2685 2237 2754 Pacuvii,
2258 2683 2629 2761 aliorumque

469 2791 942 2866 heredipetarum
957 2832 974 2862 ,
1010 2791 1102 2848 his
1124 2789 1401 2851 ,similium
1419 2831 1434 2859 ,
1461 2809 1657 2848 mores
1684 2790 2099 2868 ingeniumque
2122 2789 2203 2848 ita
2222 2789 2379 2850 ferre
2390 2833 2409 2862 ,
2432 2802 2499 2848 ut
2522 2809 2629 2865 pa·-

473 2895 662 2952 tribus
677 2914 755 2952 ne
775 2915 986 2972 aegram
1004 2895 1242 2970 quidem
1260 2895 1531 2972 gallinam
1556 2905 1657 2948 aut
1678 2896 2037 2953 coturnicem
2052 2895 2391 2968 impendant
2402 2941 2419 2968 ,
2441 2906 2501 2951 at
2517 2913 2633 2970 pro

474 2999 656 3058 salute
674 2999 960 3056 orborum
982 2999 1348 3074 divitumque
1361 3039 1377 3068 ,
1397 2997 1622 3054 Gallitae
1642 3008 1699 3055 et
1718 3001 1936 3068 Paccii,
1957 3002 2007 3056 si
2026 3001 2119 3056 vel
2142 3001 2397 3076 primum
2418 3003 2631 3059 levem·
2676 2983 2691 2998 ”

473 3124 588 3180 que
631 3102 813 3161 febris
855 3103 1106 3160 sentiant
1134 3115 1368 3175 aestum,
1397 3123 1520 3161 non
1558 3102 1738 3162 modo
1776 3106 2159 3164 hecatomben
2190 3107 2317 3163 Diis
2346 3119 2630 3179 voveant,

473 3207 578 3265 sed
604 3206 776 3263 etiam
799 3207 1167 3283 elephantos,
1195 3207 1244 3264 si
1263 3207 1384 3264 haec
1411 3207 1677 3266 animalia
1699 3207 1761 3264 in
1785 3209 1963 3266 Italiae
1989 3210 2133 3266 coelo
2156 3208 2551 3286 gignerentur,
2572 3223 2631 3269 et

475 3333 674 3370 servos
695 3314 788 3371 vel
805 3313 952 3370 adeo
973 3313 1192 3370 liberos
1215 3332 1375 3382 suos,
1397 3314 1445 3370 si
1464 3312 1669 3370 liceret
1692 3331 1799 3389 per
1822 3313 1977 3390 leges
1992 3355 2009 3385 ,
2028 3313 2425 3387 immolarent,
2448 3335 2630 3391 quum

469 3417 814 3493 jucundam,
847 3418 956 3475 etsi
981 3418 1288 3488 incertam,
1323 3417 1480 3474 alant
1513 3425 1702 3493 spem,
1738 3415 1893 3487 fore,
1924 3426 2022 3488 ut,
2064 3417 2115 3474 si
2139 3417 2277 3494 aegri
2314 3437 2385 3476 ex
2416 3419 2629 3477 morbo

475 3524 901 3594 convalescant,
923 3522 1060 3598 ipsi,
1091 3522 1445 3580 testamentis
1477 3521 1738 3594 muta-tis,
1768 3522 2011 3580 heredes
2035 3542 2107 3581 ex
2133 3541 2255 3580 asse
2278 3524 2625 3596 scribantur,

479 3627 774 3702 93—127.
815 3626 968 3684 Hinc
999 3627 1400 3704 indignatione
1433 3645 1701 3685 accensus
1724 3629 2019 3686 Iuvenalis
2051 3627 2334 3703 ejusmodi
2362 3642 2627 3707 captato-

477 3731 640 3790 ribus
679 3733 858 3789 vitam
889 3735 1152 3792 Nestoris
1178 3745 1237 3792 et
1262 3735 1390 3792 auri
1422 3747 1648 3793 montes
1678 3747 1971 3812 precatur,
1996 3737 2099 3795 sed
2126 3756 2189 3794 ea
2219 3738 2377 3817 lege,
2419 3750 2487 3796 ut
2517 3757 2627 3796 nec

477 3852 668 3898 ament
691 3859 1069 3920 quemquam,
1095 3860 1202 3900 nec
1227 3853 1496 3901 amentur
1520 3841 1595 3900 ab
1618 3843 1769 3914 ullo,
1809 3841 2138 3901 128-130.
