3050 4884
915 384 1297 451 SATIRA
1341 383 1978 452 DUODECIMA.
2385 384 2542 473 2οό-

462 494 595 563 Sed
620 510 978 591 postquam
1001 496 1216 590 jacuit
1245 497 1523 592 planum
1562 524 1779 587 mare3
1817 516 2132 597 tempora
2158 515 2514 596 postquam

366 606 698 697 Prospera
725 607 1051 693 vectoris,
1087 606 1439 709 fatumque
1467 605 1792 677 valentius
1821 613 2008 680 Euro

362 716 451 781 Et
480 712 755 809 pelag03
794 730 1149 809 postquam
1182 718 1411 785 Parcae
1440 716 1716 787 meliora
1753 719 2043 815 benigna

364 824 575 893 Pensa
612 848 818 894 manu
856 824 1120 894 ducunt
1150 823 1427 913 hilam,
1461 842 1532 897 et
1563 829 1864 899 staminis
1902 828 2034 899 albi
2447 842 2515 896 65

359 934 718 1021 Lanificae,
753 936 1019 1006 modica
1050 960 1173 1005 nec
1205 936 1495 1006 multum
1522 937 1770 1007 fortior
1805 963 1968 1009 aura

358 1042 621 1113 Ventus
648 1044 867 1132 adest3
911 1047 1099 1140 inopi
1133 1046 1523 1117 miserabilis
1553 1064 1696 1143 arte
1727 1051 2032 1119 cucurrit

356 1153 676 1225 Vestibus
711 1158 991 1226 extentis
1010 1210 1029 1244 ,
1063 1172 1165 1244 et,
1205 1158 1396 1251 quod
1428 1172 1862 1253 superaverat
1892 1182 2142 1247 unum,

356 1262 528 1332 Velo
556 1290 765 1359 prora
792 1292 915 1336 suo
946 1293 962 1336 τ
988 1265 1129 1359 jam
1164 1266 1635 1339 deficientibus
1665 1270 1959 1357 Austris,

362 1374 531 1467 Spes
557 1376 713 1445 vitae
755 1402 909 1445 cum
946 1376 1085 1446 sole
1124 1376 1297 1447 redit
1330 1408 1345 1445 ;
1382 1394 1527 1447 tum
1572 1394 1798 1475 gratus
1829 1377 2015 1467 Iulo,
2287 1408 2294 1415 ·
2446 1412 2515 1463 70

360 1484 585 1577 Atque
612 1485 954 1555 novercali
983 1486 1167 1557 sedes
1194 1486 1468 1582 praelata
1492 1492 1792 1577 Lavino,

362 1594 799 1689 Conspicitur
825 1597 1127 1667 sublimis
1154 1623 1357 1692 apex,
1393 1600 1503 1668 cui
1530 1598 1815 1669 candida
1841 1620 2092 1666 nomen

364 1704 603 1774 Scrofa
632 1706 849 1791 dedit,
879 1705 1045 1777 laetis
1072 1709 1455 1804 Phrygibus
1483 1708 1788 1779 mirabile
1814 1732 2080 1793 sumen,

363 1814 449 1882 Et
477 1840 825 1910 nunquam
856 1817 1015 1886 visis
1049 1818 1327 1910 triginta
1358 1817 1538 1887 clara
1569 1817 1902 1888 mamillis·

364 1924 669 1993 Tandem
700 1926 907 1995 intrat
937 1928 1187 2020 positas
1220 1923 1479 1995 inclusa
1508 1953 1629 2021 per
1662 1951 1934 2021 aequora
1963 1927 2210 2017 moles,
2449 1970 2517 2025 75

366 2035 923 2129 Tyrrhenamque
944 2036 1218 2104 Pharon
1237 2086 1256 2119 ,
1283 2049 1728 2129 porrectaque
1752 2036 2027 2105 brachia
2055 2062 2322 2109 rursum
2337 2093 2356 2127 ,

364 2144 538 2231 Quae
568 2142 806 2239 pelago
836 2140 1209 2214 occurrunt
1234 2142 1487 2229 medio,
1522 2141 1858 2240 longeque
1887 2146 2280 2242 relinquunt

370 2250 653 2325 Italiam.
684 2256 847 2325 Non
874 2256 969 2325 sic
996 2255 1203 2349 igitur
1224 2253 1558 2323 mirabere
1579 2248 1846 2347 portus,

452 2461 549 2519 60.
588 2464 903 2537 Postquam
925 2482 1145 2539 aequor,
1168 2464 1361 2523 stratis
1383 2462 1606 2540 placide
1635 2461 1932 2537 fluctibus,
1959 2466 2325 2541 conquievit3
2351 2480 2520 2545 post-

370 2574 543 2632 quam
557 2574 755 2615 serena
780 2556 902 2613 caeli
922 2557 1093 2615 facies
1120 2558 1233 2615 illis
1252 2558 1355 2633 qui
1377 2558 1744 2615 vehebantur
1767 2560 1904 2613 navi
1923 2558 2148 2630 arrisit,
2175 2572 2232 2617 et
2249 2564 2422 2621 maris
2455 2584 2521 2620 ac

370 2662 683 2709 ventorum
702 2650 1127 2707 inclementiam
1148 2650 1237 2707 vis
1253 2650 1435 2707 amica
1454 2648 1556 2705 fati
1573 2649 1866 2724 superavit
1881 2688 1898 2717 ,
1917 2650 2107 2707 Parcis
2132 2652 2439 2709 candidam
2463 2666 2528 2712 et

368 2742 671 2799 meliorem
692 2742 879 2797 lanam
904 2759 935 2798 e
958 2743 1094 2798 colu
1116 2740 1498 2809 trahentibus,
1522 2750 1664 2795 tunc
1686 2750 1894 2795 ventus
1916 2740 1979 2795 in
1993 2742 2180 2797 levem
2199 2744 2522 2819 zephyrum

369 2836 705 2893 decrescens
726 2835 981 2909 aspirare
1012 2836 1216 2910 coepit,
1248 2854 1315 2891 ac
1338 2834 1650 2909 pristinum
1673 2851 1906 2889 cursum
1933 2833 2154 2909 navigii
2181 2834 2522 2895 miserabilis

366 2948 543 3004 prora
588 2931 805 2997 tenuit,
846 2946 1049 2985 manca
1091 2938 1219 2985 arte
1263 2927 1521 2983 adhibita
1541 2968 1558 2997 ,
1598 2925 1878 2983 nimirum
1922 2926 2170 2983 extensis
2214 2940 2522 2988 nautarum
2611 2980 2618 2987 .

368 3022 655 3088 vestibus,
682 3023 815 3079 loco
837 3021 1103 3077 velorum
1129 3030 1466 3095 tempestate
1492 3017 1838 3075 amissorum
1853 3059 1870 3089 ,
1901 3028 2112 3093 praeter
2141 3038 2324 3076 unum
2357 3023 2521 3097 quod

366 3112 433 3169 in
457 3114 564 3170 hac
590 3114 795 3171 eadem
826 3131 1003 3188 prora
1034 3124 1351 3189 supererat.
1393 3114 1644 3169 Demum
1673 3112 1891 3167 Austro
1913 3110 2242 3185 quiescente
2261 3154 2278 3183 ,
2308 3113 2522 3172 discus-

366 3207 561 3281 sisque
591 3205 879 3275 nubibus,
912 3206 1001 3262 sol
1028 3205 1215 3263 videri
1244 3215 1465 3279 eoeptus
1492 3214 1606 3295 qut,
1637 3223 1702 3260 ac
1733 3222 1895 3279 spes,
1936 3204 2108 3261 simul
2141 3225 2214 3263 eo
2237 3206 2391 3278 viso,
2429 3226 2522 3264 sa-

366 3299 505 3355 lutis
526 3310 815 3355 revocata.
841 3300 963 3355 Nec
982 3297 1059 3353 ita
1077 3299 1265 3353 multo
1288 3308 1422 3373 post
1438 3296 1709 3372 apparuit
1725 3296 1984 3353 Albanus
2009 3316 2178 3353 mons
2189 3340 2206 3369 ,
2228 3317 2400 3371 quem
2423 3302 2522 3359 Iu-

366 3392 457 3447 lus
478 3390 711 3458 dilexit,
743 3400 801 3447 et
822 3407 997 3465 quem
1024 3387 1289 3458 Lavinio,
1323 3406 1588 3445 novercae
1615 3407 1730 3445 suae
1759 3388 2002 3463 oppido,
2027 3390 2314 3464 praetulit,
2343 3402 2411 3446 ut
2435 3392 2520 3449 ibi

368 3483 583 3539 Albam
606 3481 917 3551 conderet,
958 3482 1035 3537 ita
1065 3480 1278 3537 dictam
1309 3480 1383 3537 ab
1414 3479 1544 3537 alba
1567 3500 1772 3554 porca,
1803 3500 1978 3555 quam
2005 3481 2244 3552 Trojani
2273 3482 2521 3541 maxima

370 3594 503 3631 cum
526 3574 827 3650 voluptate
848 3576 1197 3631 invenerunt
1222 3572 1457 3649 triginta
1481 3574 1772 3648 porcellos
1799 3571 2062 3630 inaudito
2085 3573 2360 3631 hactenus
2381 3594 2522 3650 por-

368 3676 531 3723 tento
555 3666 805 3723 enixam.
844 3668 1095 3723 Demum
1131 3665 1345 3723 Catulli
1359 3666 1527 3722 navis
1555 3676 1790 3741 portum
1825 3664 2144 3722 Ostiensem
2173 3664 2355 3737 subit,
2385 3686 2520 3723 mu-

372 3759 557 3815 nitum
598 3760 853 3817 molibus
890 3770 1023 3815 ante
1058 3777 1273 3834 paucos
1306 3744 1489 3815 annos
1523 3756 1852 3815 instauratis
1889 3776 1955 3813 ac
1993 3757 2248 3829 refectis,
2293 3778 2421 3833 quae
2455 3762 2520 3817 in

370 3868 571 3925 equor
598 3852 779 3925 longe
804 3862 1240 3925 procurrentes,
1264 3862 1540 3926 tanquam
1556 3848 1790 3904 brachia
1804 3889 1821 3916 ‚
1843 3848 1990 3905 illud
2010 3850 2440 3923 amplectuntur
2461 3864 2522 3909 et

370 3942 675 3999 includunt
690 3984 709 4013 ,
741 3952 801 4000 et
822 3944 995 4021 longe
1016 3954 1151 4019 post
1176 3961 1235 3999 se
1256 3943 1411 4017 ripas
1434 3942 1613 3999 ltaliae
1633 3940 1988 4014 relinquunt.
2019 3942 2154 3999 Haec
2177 3943 2350 3999 maris
2372 3944 2520 4019 Tyr-

372 4036 541 4093 rheni
576 4038 799 4093 Pharus
834 4047 946 4107 est,
981 4056 1047 4093 ac
1079 4046 1285 4111 portus
1324 4035 1405 4091 eis
1440 4052 1591 4109 quos
1626 4042 1832 4089 natura
1869 4032 2032 4105 fecit,
2069 4033 2432 4108 praestantior
2459 4044 2520 4091 et

368 4128 711 4188 mirabilior.
731 4130 1064 4189 Navarchus
1084 4139 1271 4189 ratem
1290 4128 1552 4187 mutilam
1571 4126 1844 4205 provehit
1865 4127 1928 4185 in
1953 4128 2290 4187 interiorem
2311 4139 2514 4203 portus
