3050 4884
519 378 598 419 ιο
1058 357 1141 420 n.
1202 356 1480 421 JUN11
1539 306 2116 419 JUVENALis

515 469 868 563 Proximus
906 484 1064 538 ante
1099 470 1278 539 diem
1311 493 1531 563 caupo
1560 469 1764 552 sciet3
1794 468 2025 536 audiet
2054 484 2123 537 et
2158 493 2307 562 quae

512 579 888 647 Finxerunt
920 580 1178 675 pariter
1210 579 1551 663 librarius,
1582 580 2041 673 archimagiri,

397 704 400 707 ’
513 690 875 781 Carptores
904 716 918 757 ε
951 690 1134 783 quod
1169 690 1354 759 enim
1389 690 1703 757 dubitant
1731 713 2142 783 componere
2172 689 2429 757 crimen
2554 715 2657 751 110

511 800 596 866 In
631 800 974 885 dominos,
1009 802 1273 895 quoties
1305 801 1697 869 rumoribus
1726 799 2153 868 ulciscuntur

513 908 785 978 Balteai’
817 936 944 980 nec
973 911 1232 997 deerit,
1271 912 1388 1005 qui
1417 926 1482 979 te
1521 935 1647 1004 per
1682 910 1983 1003 compita
2012 922 2269 1003 quaerat

513 1016 907 1103 Nolentem,
939 1036 1006 1088 et
1051 1022 1368 1089 miseram
1405 1020 1681 1088 vinosus
1711 1020 2004 1087 inebriet
2038 1042 2297 1086 aurem.

510 1126 670 1197 Illos
707 1156 870 1225 ergo
903 1156 1128 1225 roges,
1159 1131 1495 1226 quidquid
1530 1129 1731 1226 paulo
1766 1145 1922 1199 ante
1958 1128 2229 1223 petebas

511 1237 571 1305 A
603 1239 799 1308 nobis
828 1266 843 1307 :
875 1256 1144 1311 taceant
1181 1241 1312 1327 illi;
1343 1240 1460 1310 sed
1491 1240 1782 1334 prodere
1816 1236 2079 1306 malunt
2568 1242 2665 1297 1¹5

511 1348 886 1435 Arcanum,
928 1376 1130 1444 quam
1161 1351 1474 1444 subrepti
1508 1365 1746 1445 potare
1782 1348 2083 1431 Falerni,

516 1457 650 1524 Pro
685 1458 943 1554 populo
980 1459 1238 1529 faciens
1277 1474 1609 1554 quantum
1638 1457 1947 1529 Laufella
1978 1456 2265 1524 bibebat.

509 1567 898 1637 Vivendum
934 1586 1117 1639 recte
1153 1584 1290 1655 est,
1323 1594 1477 1637 cum
1511 1584 1793 1664 propter
1827 1566 2150 1663 plurima,
2184 1580 2331 1633 tum
2366 1562 2471 1631 his

513 1676 857 1771 Proecipue
889 1678 1138 1763 causiS,
1169 1692 1246 1744 ut
1276 1675 1540 1778 linguas
1574 1678 2074 1775 mancipiorum

513 1788 960 1875 Contemnas3
1002 1800 1158 1856 nam
1197 1785 1430 1881 lingua
1461 1788 1620 1856 mali
1652 1810 1805 1882 pars
1840 1784 2129 1879 pessima
2160 1780 2358 1849 servi.
2570 1808 2671 1850 12⁰

509 1896 830 1968 Deterior
859 1915 1085 1968 tamen
1113 1899 1266 1985 hic‘,
1295 1900 1410 1993 qui
1444 1897 1617 1967 liber
1645 1922 1783 1966 non
1820 1895 1952 1965 erit
1986 1892 2127 1962 illis
2164 1944 2184 1979 ,

507 2005 824 2092 Quorum'
854 2009 1108 2077 animas
1139 2023 1209 2076 et
1236 2007 1418 2076 farre
1448 2032 1571 2075 suo
1602 2003 1905 2075 custodit
1932 2017 2002 2070 et
2036 2026 2191 2071 aere.

1369 2152 1783 2199 NAEVOLU&

605 2248 873 2317 Idcirco
900 2263 979 2317 ut
1015 2250 1263 2343 possim
1297 2248 1598 2343 linguam
1639 2263 2080 2318 contemnere
2118 2246 2333 2327 servi,
2390 2334 2393 2339 Ι

506 2426 626 2483 rari
655 2427 809 2501 apud
838 2446 898 2484 se
937 2428 1232 2503 quidquid
1255 2428 1537 2487 finxerint
1562 2428 1834 2486 librarius
1854 2469 1872 2498 ‚
1902 2426 2166 2502 primarii
2192 2422 2395 2499 coqui,
2426 2433 2485 2480 et
2520 2440 2666 2497 proe—

503 2517 640 2571 fecti
665 2520 956 2579 struendae
978 2538 1204 2597 mensae.
1227 2522 1418 2589 Quam
1437 2520 1593 2577 enim
1613 2520 1687 2577 de
1710 2521 1827 2577 suis
1855 2519 2011 2575 heris
2030 2518 2314 2587 fabulam,
2340 2534 2513 2589 quam
2532 2533 2670 2571 can-

504 2608 738 2664 tilenam
761 2611 1122 2667 comminisci
1152 2623 1328 2686 atque
1353 2630 1638 2669 consuere
1663 2630 1789 2667 non
1811 2610 2031 2667 audent
2059 2608 2241 2677 servi,
2274 2626 2422 2681 quos
2448 2607 2523 2662 de
2547 2606 2665 2661 illis

507 2718 772 2758 rumores
800 2702 1174 2761 disseminare
1203 2703 1504 2774 dubitant,
1536 2722 1715 2777 quum
1734 2704 1877 2760 loris
1900 2704 2227 2759 balteorum
2248 2700 2377 2757 ead
2399 2699 2670 2755 dolorem

495 2812 670 2850 suum
697 2806 758 2852 et
787 2798 1032 2853 verbera
1059 2796 1262 2853 ulcisci
1285 2795 1681 2853 meditantur?
1714 2797 1843 2851 Erit
1872 2795 2045 2852 etiam
2072 2795 2175 2869 qui
2202 2805 2261 2849 te
2278 2812 2384 2868 per
2416 2791 2667 2865 compita

499 2885 664 2941 urbis
685 2899 907 2961 quaerat
921 2928 938 2957 ,
963 2898 1022 2944 et
1043 2887 1248 2943 audire
1271 2886 1378 2943 ista
1392 2887 1645 2943 invitum
1662 2897 1835 2963 cogat
1850 2926 1867 2955 ,
1892 2888 2197 2961 multoque
2214 2884 2353 2939 vino
2376 2884 2667 2957 prolutus,

499 2980 774 3055 improba
793 2982 1146 3056 loquacitate
1167 3001 1336 3040 aures
1355 2982 1466 3037 tibi
1489 2981 1797 3039 obtundat.
1825 2980 1919 3035 Ab
1940 2981 2030 3035 his
2056 2979 2239 3054 igitur
2252 2978 2481 3051 postula
2504 2974 2669 3051 quod

503 3075 686 3131 modo
727 3092 820 3130 me
852 3074 1131 3150 rogabas,
1181 3094 1392 3150 nempe
1433 3075 1759 3141 silentiunm
1804 3072 2052 3145 impetra
2086 3081 2154 3127 ut
2192 3070 2266 3126 de
2302 3068 2572 3125 sordibus
2609 3078 2669 3124 et

503 3168 740 3224 avaritia
777 3166 1154 3223 dominorum
1187 3186 1427 3224 suorum
1460 3176 1716 3234 taceant3
1750 3181 2067 3237 numquam
2099 3162 2161 3217 id
2200 3161 2468 3217 exon-abis
2490 3182 2503 3216 :
2528 3179 2669 3234 pro-

505 3262 662 3316 ferre
681 3278 954 3317 arcanum
982 3262 1204 3315 malunt
1221 3301 1239 3330 ,
1269 3278 1440 3333 quam
1473 3257 1679 3317 fflrtivl
1705 3255 1831 3311 vini
1860 3256 1955 3311 vel
1984 3253 2409 3331 generosissimi
2439 3264 2665 3310 tantum

499 3361 732 3425 potare,
755 3362 1036 3425 quantum
1065 3352 1304 3408 sorbere
1327 3350 1584 3407 Laufella
1609 3357 2016 3418 consueverat,
2045 3366 2227 3421 quum
2249 3365 2405 3402 sacra
2428 3366 2539 3421 pro
2560 3366 2669 3421 po-

502 3440 628 3515 puli
659 3442 840 3499 salute
881 3444 1112 3499 faceret.
1155 3444 1306 3499 Sane
1355 3460 1539 3516 quum
1584 3440 1851 3516 plurimis
1888 3438 1964 3497 de
1998 3438 2181 3496 causis
2224 3439 2663 3513 providendum

505 3534 678 3590 nobis
717 3546 830 3605 est,
860 3548 927 3591 ut
953 3546 1176 3605 sancte,
1207 3554 1272 3591 ac
1301 3535 1396 3609 pie
1429 3536 1607 3590 vitam
1638 3532 2035 3603 instituamus,
2062 3543 2187 3587 tum
2216 3532 2566 3606 praesertim,
2598 3543 2667 3588 ut

511 3646 588 3684 ne
605 3644 900 3685 sermones
911 3628 1336 3702 mancipiorum
1355 3638 1695 3684 nostrorum
1718 3627 2059 3703 linguasque
2082 3626 2401 3683 timeamus,
2426 3626 2493 3679 In
2512 3627 2667 3681 malo

504 3724 722 3799 quippe
743 3738 914 3777 servo
937 3721 1081 3776 nihil
1107 3732 1194 3776 est
1223 3720 1418 3796 lingua
1437 3720 1619 3795 pejus.
1652 3720 1901 3777 Gravius
1930 3732 2121 3777 tamen
2144 3761 2159 3787 ‚
2188 3736 2357 3793 quam
2387 3719 2539 3774 servi
2562 3720 2665 3793 qui

507 3816 886 3873 dominorum
913 3814 1195 3890 detegunt
1227 3812 1443 3889 flagitia
1461 3854 1480 3880 ‚
1509 3825 1751 3888 peccant
1784 3814 1894 3889 ipsi
1926 3814 2181 3883 domini,
2210 3831 2389 3887 quum
2413 3812 2667 3885 turpiter

504 3918 564 3964 et
591 3905 874 3983 flagitiose
901 3904 1108 3963 vivunt
1125 3946 1140 3975 ,
1177 3918 1234 3963 et
1263 3926 1324 3963 se
1355 3906 1617 3964 reddunt
1646 3907 1765 3965 illis
1806 3908 2099 3964 obnoxios
2116 3948 2134 3977 ,
2161 3925 2227 3963 ac
2265 3923 2429 3979 paene
2465 3923 2664 3963 servos

500 4002 738 4058 illorum
754 4038 771 4071 ,
797 4016 946 4073 quos
973 4008 1033 4055 et
1057 4017 1163 4055 suo
1193 3999 1465 4056 nutriunt
1490 4018 1671 4076 pane,
1698 4012 1758 4057 et
1788 4000 2031 4075 pecunia
2058 4009 2456 4055 munerantur.

591 4090 723 4148 123.
767 4106 918 4147 κεν.
959 4092 1140 4148 Recte
1165 4108 1260 4147 me
1281 4090 1589 4163 admones,
1619 4110 1683 4149 ac
1716 4092 1924 4161 tradis,
1956 4110 2075 4165 quo
2102 4100 2275 4167 pacto
2296 4088 2510 4163 possim
2534 4108 2659 4146 ser-
