3050 4884
521 365 650 445 254
1017 359 1188 425 .·n.
1231 354 1496 425 sumt
1538 355 2077 427 IUVENALIS

517 480 864 554 Continuo
896 471 1222 571 templum
1249 490 1321 543 et
1347 470 1579 542 violati
1612 475 1909 544 numinis
1943 501 2089 547 aras
2108 529 2129 566 ‚

517 597 636 678 Et,
670 589 852 686 quod
890 587 1246 684 praecipuis
1279 599 1573 655 mentem
1606 584 1968 656 sudoribus
2002 601 2280 682 urguet,
2566 622 2667 658 ,ιο

519 705 613 773 Te
646 700 828 770 videt
860 701 932 769 in
965 697 1214 769 somnis
1241 721 1258 766 τ
1299 711 1414 764 tua
1447 719 1633 764 sacra
1668 710 1739 764 et
1774 699 1992 792 major
2023 700 2247 793 imago

519 814 864 898 Humana,
899 809 1128 878 turbat
1163 804 1518 900 pavidum,
1555 805 1872 901 cogitque
1900 807 2115 878 fateri.

517 922 613 990 Hi
649 935 834 1006 sunt,
867 921 984 1015 qui
1021 916 1374 1012 trepidant
1401 933 1468 987 et
1503 917 1590 987 ad
1627 920 1857 988 omnia
1896 919 2165 1014 fulgura
2204 919 2491 1014 pallent,

512 1029 744 1120 Quum
781 1044 970 1099 tonat
985 1081 1006 1113 ‚
1044 1029 1382 1100 exanimes
1415 1029 1639 1122 primo
1670 1053 1945 1124 quoque
1976 1055 2325 1101 murmure
2354 1030 2533 1118 eaeli3

516 1142 676 1210 Non
707 1141 896 1234 quasi
923 1137 1273 1226 fot-tuitus,
1311 1161 1438 1210 nec
1467 1152 1832 1208 ventorum
1866 1139 2080 1228 rabie,
2116 1139 2230 1210 sed
2565 1156 2662 1210 ns

515 1253 734 1320 Iratus
765 1250 960 1321 cadat
986 1251 1057 1318 in
1091 1266 1310 1320 terres
1335 1264 1404 1317 et
1429 1249 1698 1343 judicet
1728 1249 1923 1344 ignis.

513 1359 636 1430 Illa
663 1360 830 1432 nihil
863 1362 1131 1448 nocuit3
1174 1383 1337 1428 cura
1369 1361 1681 1452 graviore
1716 1359 1995 1428 timetur

512 1472 828 1540 Proxima
865 1485 1252 1564 tempestas,
1285 1467 1468 1538 velut
1502 1469 1635 1536 hoc
1668 1466 1873 1538 dilata
1904 1494 2166 1541 sereno.

513 1584 862 1667 Praeterea,
901 1580 1125 1650 lateris
1160 1579 1344 1676 vigili
1382 1603 1537 1648 cum
1574 1579 1764 1658 febre
1800 1578 2107 1650 dolorem

513 1692 584 1761 Si
623 1714 886 1783 coepere
921 1689 1095 1783 pati,
1129 1677 1406 1758 missum
1444 1688 1528 1758 ad
1568 1713 1689 1758 sua
1722 1715 2014 1784 corpora
2045 1691 2363 1760 morbum
2490 1729 2497 1737 ·
2564 1705 2663 1760 230

515 1800 775 1870 Infesto
809 1798 1096 1868 credunt
1133 1823 1173 1866 a
1207 1801 1521 1886 numine3
1562 1825 1713 1868 saxa
1744 1803 2053 1870 Deorum

516 1913 677 1979 Haec
707 1923 772 1976 et
804 1906 935 1976 tela
964 1921 1248 2001 putant:
1287 1905 1613 1998 pecudem
1647 1909 1979 2002 spondere
2018 1909 2259 1980 sacello

517 2018 895 2104 Balantem‚
937 2032 1004 2085 et
1034 2017 1322 2085 Laribus
1360 2017 1629 2086 cristam
1664 2021 2057 2111 promittere
2094 2018 2247 2114 gelli

517 2133 676 2200 Non
704 2128 956 2196 audent
984 2152 1002 2195 :-
1033 2125 1198 2220 quid
1232 2126 1412 2194 enim
1447 2151 1715 2220 sperare
1750 2129 2146 2197 nocentibus
2184 2129 2377 2223 aegris

517 2235 973 2310 Concessum?
1007 2234 1114 2305 vel
1145 2259 1296 2330 quae
1333 2259 1476 2304 non
1513 2237 1788 2332 dignior
1818 2239 2039 2306 hostia
2066 2236 2259 2307 ‘vitai'
2566 2255 2665 2310 235

517 2447 717 2523 coepit,
755 2457 890 2522 post
924 2456 1082 2502 artus
1122 2455 1252 2502 toto
1295 2443 1475 2501 cubili
1512 2443 1615 2500 diu
1654 2445 2018 2522 multumque
2054 2446 2327 2520 jactatos,
2362 2445 2665 2504 confestim

518 2551 666 2598 tetra
695 2539 918 2596 somnia
945 2537 1033 2595 illi
1059 2537 1346 2612 objiciunt
1375 2537 1659 2611 templum
1690 2537 1759 2592 in·
1783 2554 1904 2611 quo
1930 2537 2240 2612 pejeravit,
2268 2555 2393 2594 eras
2420 2557 2667 2612 quarum

516 2649 732 2691 numen
753 2630 1025 2701 violarim
1059 2630 1338 2705 quodque
1361 2629 1526 2685 illum
1554 2627 1763 2702 majori
1796 2627 1973 2686 efficit
2007 2639 2267 2702 terrore,
2296 2641 2353 2686 te
2380 2631 2542 2690 videt
2561 2673 2577 2703 ,
2608 2643 2669 2690 te

517 2726 706 2801 ipsum
753 2739 926 2800 quem
964 2721 1251 2797 spoliavit.
1301 2719 1539 2797 Effigies
1580 2731 1706 2793 tue,
1747 2721 1931 2778 instar
1961 2721 2202 2793 alicuius
2239 2721 2493 2781 numinis
2510 2767 2527 2792 ‚
2570 2736 2673 2783 aut

419 2881 428 2896 Ι
515 2818 730 2884 Furiae,
763 2817 1026 2874 humanae
1057 2821 1283 2869 staturae
1320 2811 1562 2868 modum
1590 2813 1902 2884 excedens,
1935 2813 2247 2871 attonitum
2280 2817 2571 2891 percellit,
2610 2827 2671 2874 et

513 2909 589 2964 ad
602 2908 823 2964 crimen
841 2904 1238 2962 confitendum
1261 2904 1458 2980 adigit.
1482 2905 1783 2978 Ejusmodi
1810 2905 2141 2976 sceleratos,
2168 2906 2339 2964 simul
2356 2927 2424 2965 ac
2446 2909 2670 2967 tonitru

469 3053 476 3066 ,
517 3000 832 3076 quodpiam
861 2999 1179 3073 increpuit,
1207 3007 1306 3052 aut
1327 2996 1526 3074 fulgur
1544 2997 1803 3069 emicuit,
1828 2997 2242 3056 cohorrescere·
2258 3000 2454 3057 videas
2473 3003 2667 3077 primo

517 3091 640 3148 caeli
681 3108 1008 3159 murmure,
1051 3088 1466 3164 expallescere,
1495 3101 1661 3146 metu
1694 3092 2035 3162 exanimari,
2068 3092 2311 3165 perinde
2349 3095 2509 3170 quasi
2546 3114 2665 3152 non

515 3201 650 3241 casu
666 3183 864 3257 aliquo
878 3224 896 3252 ,
922 3191 981 3239 et
1003 3191 1317 3237 ventorum
1339 3181 1398 3235 vi
1421 3183 1642 3252 net-iva,
1680 3183 2005 3260 fulguraret
2027 3194 2357 3255 ποῖαι-εἴγε,
2382 3187 2485 3244 sed
2504 3199 2665 3244 certo

515 3276 768 3334 numinis
777 3275 912 3333 irati
922 3274 1187 3344 consilio,
1204 3283 1262 3330 et
1273 3273 1482 3330 ultrice
1488 3275 1700 3348 judicis
1711 3277 1819 3334 dex
1826 3289 1911 3333 tra
1928 3279 2161 3334 missum
2178 3277 2395 3334 fulmen
2410 3278 2667 3353 ipsorum

515 3370 688 3445 capiti
707 3368 1020 3446 ingrueret.
1046 3367 1224 3436 Quod
1246 3367 1296 3422 si
1315 3380 1655 3440 praesentem
1678 3369 1991 3442 procellam
2015 3369 2305 3446 effugiunt
2324 3370 2666 3444 incolumes,

515 3461 840 3536 proximam
859 3459 1092 3537 gravius
1111 3457 1523 3528 resortnidant5
1546 3472 1605 3516 et
1623 3462 1884 3536 quamvis
1902 3463 2101 3518 caelnm
2120 3461 2355 3518 videant
2372 3479 2635 3519 serenum
2647 3504 2665 3534 ,

517 3551 750 3609 dilatam
777 3553 854 3610 ad
881 3553 1062 3610 breve
1090 3561 1314 3626 tempus
1341 3552 1623 3608 duntaxat
1648 3559 2043 3627 tempestatem
2064 3571 2131 3609 ac
2154 3554 2471 3628 perniciem
2506 3573 2665 3611 suam

516 3645 895 3702 arbitrentur.
927 3647 1022 3704 Ad
1054 3647 1174 3701 haec
1189 3687 1211 3718 ,
1235 3645 1284 3700 si
1306 3645 1573 3701 laborare
1598 3645 1749 3701 febri
1772 3646 2067 3721 occipiunt
2082 3687 2098 3717 ,
2136 3645 2183 3704 si
2219 3645 2367 3703 latus
2390 3647 2501 3703 illis
2525 3665 2667 3704 con-

519 3734 710 3794 doluit
728 3779 746 3810 ,
793 3739 883 3794 his
924 3739 1144 3795 morbis
1191 3737 1263 3792 ab
1309 3737 1461 3794 irato
1510 3737 1623 3794 deo
1666 3755 1740 3815 ser
1764 3739 1939 3813 plecti
1974 3751 2178 3814 putant
2194 3781 2211 3810 ,
2264 3739 2352 3795 his
2396 3749 2668 3814 tanquam

520 3831 668 3887 saxis
695 3841 752 3888 et
787 3833 914 3888 telis
939 3832 1060 3907 peti
1091 3854 1106 3890 ε
1143 3849 1332 3906 neque
1361 3831 1755 3888 valetudinem
1786 3851 1817 3888 a
1852 3833 2090 3906 Superis
2122 3831 2421 3906 deprecari
2452 3832 2669 3889 audent

522 3923 749 3995 votiva,
775 3945 950 3998 quam
981 3925 1093 3982 aris
1123 3926 1498 3996 admoveant,
1532 3943 1672 3994 ove,
1702 3933 1801 3980 eut
1830 3923 1940 3982 diis
1980 3925 2285 4000 penatibus
2311 3925 2527 4002 gallum
2560 3926 2668 3980 im-

521 4017 857 4076 molandum
895 4017 1236 4093 promittere
1269 4041 1283 4074 ε
1323 4019 1466 4093 qnid
1509 4019 1665 4074 enim
1710 4027 1945 4092 sperent
1985 4017 2247 4077 scelerati
2286 4017 2666 4095 :eg-rotantes?

523 4108 946 4184 Quaevictima,
975 4127 1148 4185 quam
1171 4109 1285 4182 illi,
1314 4110 1553 4186 dignior
1574 4111 1693 4169 vita
1720 4129 1843 4171 non
1866 4110 1989 4168 est?
