3050 4884
847 623 1319 714 SATIRAE
1379 621 1905 713 DECIMAE
1964 621 2396 712 SEXTAE

1295 789 1934 847 ARGUMENTUM.

1029 1002 1222 1050 Militiae
1243 1017 1406 1052 mores
1435 1013 1483 1050 et
1511 1001 1773 1052 commoda
1804 1019 1977 1069 magna
2008 1003 2181 1052 videte.

1451 1129 1468 1146 ,
1564 1090 1661 1137 Seu

1029 1167 1222 1220 Militiae
1242 1187 1404 1220 mores
1427 1180 1473 1220 et
1495 1171 1763 1220 commoda
1786 1171 2181 1220 dinumerantur.

533 1334 776 1372 uultu:
802 1333 1154 1370 rnlvrmcu.
1184 1346 1252 1355 -
1277 1334 1356 1368 1)ss
1390 1333 1723 1368 rssmct'rarx
1748 1329 2035 1366 nturux.
2062 1342 2135 1352 -·
2162 1329 2237 1364 m:
2262 1327 2686 1365 castannsnws.

919 1429 990 1438 ·-
1016 1417 1093 1452 ΑΒ
1121 1415 1367 1453 GALLUM
1393 1417 1467 1452 DE
1493 1415 1749 1452 murru-
1775 1427 1846 1438 -
1869 1415 1944 1450 DE
1969 1411 2294 1449 nummus·

607 1626 1026 1687 Conditionem
1061 1627 1316 1685 militum
1355 1628 1557 1685 multis
1586 1627 1857 1703 partibus
1890 1626 2197 1685 meliorem
2214 1671 2235 1698 ‚
2280 1646 2457 1704 qnam
2496 1645 2685 1705 paga-

525 1740 768 1794 norum,
797 1741 918 1780 esse
950 1721 1284 1779 ostenditur
1309 1717 1420 1798 (vs.
1457 1720 1673 1800 1—16)
1702 1718 1810 1800 (α),
1846 1719 2011 1796 quod
2036 1719 2123 1776 illi
2146 1721 2222 1778 ab
2254 1719 2343 1776 his
2370 1739 2495 1777 non
2518 1720 2687 1779 facile

519 1815 698 1871 ullam
718 1814 1002 1890 accipiant
1029 1813 1304 1890 injuriam
1335 1831 1577 1890 eamque
1604 1814 1843 1890 impune
1872 1813 1943 1870 iis
1966 1812 2183 1870 inferre
2212 1814 2473 1888 possint,
2498 1833 2680 1890 quum

517 1907 792 1982 proprios
817 1907 1071 1964 habeant
1091 1907 1316 1982 judices
1334 1947 1352 1978 ,
1377 1917 1435 1964 et
1464 1909 1594 1984 lege
1624 1906 1855 1963 Camilli
1878 1917 2043 1964 extra
2072 1907 2287 1964 vallum
2318 1907 2546 1983 litigare
2574 1925 2681 1964 ve·

516 2011 734 2073 tentnr,
763 1999 1190 2059 commilitones
1215 2011 1408 2058 autem
1433 2018 1559 2057 non
1584 2000 1765 2057 modo
1792 2019 1955 2058 reum
1981 2019 2088 2075 per
2112 2000 2197 2062 fas
2215 2019 2279 2056 ac
2302 1999 2460 2056 nefas
2486 2009 2681 2056 tuean-

517 2106 634 2166 tur,
665 2094 767 2152 sed
795 2094 1132 2150 damnatum
1161 2110 1400 2168 qnoque
1433 2091 1737 2150 vindicent
1766 2089 2011 2172 (7—34)
2044 2091 2151 2172 (β);
2184 2092 2345 2168 quod
2374 2091 2679 2150 confestim

515 2186 586 2242 iis
603 2215 628 2257 ,·
663 2197 724 2242 et
755 2186 984 2260 quoties
1015 2185 1240 2256 lubeat,
1277 2185 1372 2258 jus
1401 2185 1659 2254 dicatur,
1694 2197 1753 2242 et
1793 2203 1985 2260 neque
2022 2185 2287 2256 initium,
2326 2204 2517 2260 neque
2544 2183 2678 2242 finis

513 2276 706 2333 litium
732 2277 797 2332 in
825 2276 1219 2351 longinquum
1247 2274 1559 2332 differatur
1589 2287 1817 2351 tempus
1846 2275 2128 2354 (35—50)
2163 2275 2270 2360 (7);
2304 2277 2467 2352 quod
2492 2296 2675 2353 pecu-

512 2367 659 2424 lium
685 2367 756 2424 iis
782 2368 854 2424 sit
885 2379 1202 2437 castrense,
1247 2376 1305 2422 et
1337 2367 1474 2424 hinc
1501 2367 1598 2441 jus
1632 2367 1879 2424 testandi
1906 2369 2045 2426 vivo
2076 2370 2266 2428 adhuc
2292 2381 2459 2445 patre
2490 2369 2675 2447 (51—

515 2458 614 2538 56)
643 2458 752 2536 (8),
778 2460 938 2533 quod
965 2461 1246 2535 phaleras,
1274 2473 1515 2536 torques
1544 2461 1771 2536 aliaque
1796 2463 2031 2520 virtutis
2054 2463 2290 2538 praemia
2312 2480 2671 2538 consequan-

512 2561 628 2621 tur,
662 2571 844 2627 quum
873 2553 1052 2629 ipsius
1085 2553 1248 2610 ducis
1285 2554 1531 2628 referat,
1578 2564 1636 2610 et
1672 2554 1956 2614 honorari
1992 2555 2204 2613 milites
2244 2567 2303 2613 et
2329 2555 2671 2632 locupletari

511 2641 780 2718 (56—60
793 2643 833 2722 ).

811 2957 1285 3048 SATIRAE
1350 2955 1871 3052 DECIMAE
1920 2947 2370 3054 ‘SEXTAE

1355 3135 1814 3194 ANALYSIS.

581 3353 652 3409 In
677 3350 878 3428 priore
907 3351 1080 3425 hujus
1109 3350 1311 3410 Satirae
1339 3364 1502 3427 parte
1528 3353 1639 3430 (vs.
1677 3352 1891 3434 1—34)
1922 3367 2094 3431 poeta
2125 3359 2263 3416 satis
2298 3355 2655 3435 ingeniosam

500 3443 556 3501 ei
597 3442 842 3500 formam
884 3442 1168 3513 induisse,
1213 3455 1300 3516 et,
1337 3445 1478 3502 dum
1516 3459 1715 3522 aperte
1756 3450 2064 3506 commoda
2106 3451 2323 3507 militiae
2367 3465 2654 3527 recenset,

499 3545 651 3592 tecta
677 3536 863 3592 ironia
891 3555 956 3592 ac
978 3537 1168 3592 laudis
1194 3538 1382 3611 specie
1413 3537 1829 3614 vituperationi
1852 3543 2121 3617 imposita
2148 3545 2384 3602 nimiam
2403 3547 2657 3604 militum

497 3627 788 3684 licentiam
821 3629 1340 3704 insolentiamque,
1377 3650 1551 3704 quam
1584 3633 1698 3688 iuis
1740 3634 2102 3709 temporibus
2138 3638 2235 3693 vix
2268 3639 2655 3713 Imperatores

496 3739 767 3777 coercere
795 3721 1088 3776 audebant
1106 3764 1121 3789 ‚
1145 3722 1539 3799 perstringere
1560 3725 1809 3782 videtur.
1834 3729 1976 3782 Eam
1997 3747 2119 3784 non
2136 3729 2423 3806 integram
2446 3751 2653 3806 super-

494 3831 615 3868 esse
644 3813 882 3887 quidam
913 3812 1136 3887 opinati
1161 3825 1328 3884 sunt,
1369 3816 1500 3890 quia
1534 3829 1645 3871 tam
1679 3817 1871 3873 brevis
1912 3819 2064 3876 forte
2099 3832 2186 3877 est
2222 3833 2279 3878 et
2320 3827 2653 3900 argumenti

489 3904 760 3962 tractatio
789 3923 912 3960 non
940 3906 1210 3962 omnibus
1236 3907 1492 3964 numeris
1523 3909 1780 3965 absoluta
1810 3932 1825 3966 :
1854 3931 1985 3967 nam
2030 3914 2197 3987 plura
2230 3915 2448 3972 militiae
2480 3937 2649 3974 com-

491 3995 664 4052 moda
711 4007 886 4071 atque
925 3996 1262 4073 privilegia,
1307 4017 1488 4074 quum
1511 4000 1734 4076 legibus
1754 4043 1770 4070 ‚
1804 4014 1926 4058 tum
1968 4006 2397 4080 Imperatorum
2442 4011 2646 4068 edictis

490 4087 802 4146 constituta
840 4100 899 4146 et
941 4107 1241 4162 concessa,
1273 4109 1306 4148 a
1341 4091 1546 4168 Polyb.
1575 4093 1693 4166 vl,
1734 4093 1843 4170 393
1877 4095 2031 4174 Lips.
2062 4099 2187 4154 Mil.
2220 4101 2392 4157 Rom.
2420 4103 2495 4171 V,
2535 4121 2644 4180 19,
