<?xml version="1.0" encoding="UTF-8"?>
<!DOCTYPE html PUBLIC "-//W3C//DTD XHTML 1.0 Transitional//EN"
    "http://www.w3.org/TR/xhtml1/DTD/xhtml1-transitional.dtd">
<html xmlns="http://www.w3.org/1999/xhtml" xml:lang="en" lang="en">
 <head>
  <title>
</title>
<meta http-equiv="Content-Type" content="text/html;charset=utf-8" />
  <meta name='ocr-system' content='tesseract 3.04.00' />
  <meta name='ocr-capabilities' content='ocr_page ocr_carea ocr_par ocr_line ocrx_word'/>
</head>
<body>
  <div class='ocr_page' id='page_1' title='image "./djuniijuvenalis00jouvgoog/djuniijuvenalis00jouvgoog_0128.png"; bbox 0 0 3050 4884; ppageno 0'>
   <div class='ocr_carea' id='block_1_1' title="bbox 812 388 2475 475">
    <p class='ocr_par' dir='ltr' id='par_1_1' title="bbox 812 388 2475 475">
     <span class='ocr_line' id='line_1_1' title="bbox 812 388 2475 475; baseline 0.005 -23"><span class='ocrx_word' id='word_1_1' title='bbox 812 388 922 453; x_wconf 87' lang='lat' dir='ltr'><strong>IN</strong></span> <span class='ocrx_word' id='word_1_2' title='bbox 966 388 1432 455; x_wconf 73' lang='lat' dir='ltr'><strong>SA&#39;rlRAM</strong></span> <span class='ocrx_word' id='word_1_3' title='bbox 1479 390 1991 475; x_wconf 80' lang='lat' dir='ltr'><strong>DECIMAM.</strong></span> <span class='ocrx_word' id='word_1_4' title='bbox 2351 396 2475 461; x_wconf 73' lang='lat'><strong>123</strong></span> 
     </span>
    </p>
   </div>
   <div class='ocr_carea' id='block_1_2' title="bbox 323 499 2479 656">
    <p class='ocr_par' dir='ltr' id='par_1_2' title="bbox 323 499 2479 656">
     <span class='ocr_line' id='line_1_2' title="bbox 395 499 2479 577; baseline 0.004 -24"><span class='ocrx_word' id='word_1_5' title='bbox 395 500 534 553; x_wconf 80' lang='lat' dir='ltr'><strong>Nor.</strong></span> <span class='ocrx_word' id='word_1_6' title='bbox 573 500 692 553; x_wconf 74' lang='lat'><strong>286.</strong></span> <span class='ocrx_word' id='word_1_7' title='bbox 733 500 890 555; x_wconf 73' lang='lat' dir='ltr'><strong>Cous.</strong></span> <span class='ocrx_word' id='word_1_8' title='bbox 921 502 1102 555; x_wconf 81' lang='lat' dir='ltr'><strong>Barth.</strong></span> <span class='ocrx_word' id='word_1_9' title='bbox 1123 499 1342 557; x_wconf 79' lang='lat' dir='ltr'><strong>Advers.</strong></span> <span class='ocrx_word' id='word_1_10' title='bbox 1381 504 1460 555; x_wconf 85' lang='lat' dir='ltr'><strong>IX</strong></span> <span class='ocrx_word' id='word_1_11' title='bbox 1479 542 1494 569; x_wconf 88' lang='lat'><strong>,</strong></span> <span class='ocrx_word' id='word_1_12' title='bbox 1525 511 1622 569; x_wconf 69' lang='lat'><strong>14,</strong></span> <span class='ocrx_word' id='word_1_13' title='bbox 1642 505 1737 577; x_wconf 84' lang='lat' dir='ltr'><strong>qui</strong></span> <span class='ocrx_word' id='word_1_14' title='bbox 1760 518 1979 577; x_wconf 84' lang='lat' dir='ltr'><strong>poetam</strong></span> <span class='ocrx_word' id='word_1_15' title='bbox 2006 505 2078 559; x_wconf 84' lang='lat' dir='ltr'><strong>ad</strong></span> <span class='ocrx_word' id='word_1_16' title='bbox 2102 506 2264 560; x_wconf 88' lang='lat' dir='ltr'><strong>Corn.</strong></span> <span class='ocrx_word' id='word_1_17' title='bbox 2296 508 2479 563; x_wconf 72' lang='lat' dir='ltr'><strong>severi</strong></span> 
     </span>
     <span class='ocr_line' id='line_1_3' title="bbox 323 583 1197 656; baseline 0.001 -20"><span class='ocrx_word' id='word_1_18' title='bbox 323 601 508 637; x_wconf 78' lang='lat' dir='ltr'><strong>versus</strong></span> <span class='ocrx_word' id='word_1_19' title='bbox 529 583 772 638; x_wconf 82' lang='lat' dir='ltr'><strong>allusisse</strong></span> <span class='ocrx_word' id='word_1_20' title='bbox 805 584 1197 656; x_wconf 82' lang='lat' dir='ltr'><strong>suspicabatur.</strong></span> 
     </span>
    </p>
   </div>
   <div class='ocr_carea' id='block_1_3' title="bbox 323 692 2479 1356">
    <p class='ocr_par' dir='ltr' id='par_1_3' title="bbox 323 692 2479 1356">
     <span class='ocr_line' id='line_1_4' title="bbox 392 692 2469 769; baseline 0.003 -24"><span class='ocrx_word' id='word_1_21' title='bbox 392 694 532 745; x_wconf 76' lang='lat' dir='ltr'><strong>Nor.</strong></span> <span class='ocrx_word' id='word_1_22' title='bbox 574 695 692 765; x_wconf 78' lang='lat'><strong>²87·</strong></span> <span class='ocrx_word' id='word_1_23' title='bbox 731 694 789 747; x_wconf 86' lang='lat' dir='ltr'><strong>P.</strong></span> <span class='ocrx_word' id='word_1_24' title='bbox 821 694 984 749; x_wconf 88' lang='lat' dir='ltr'><strong>Corn.</strong></span> <span class='ocrx_word' id='word_1_25' title='bbox 1015 698 1242 746; x_wconf 76' lang='lat' dir='ltr'><em>Lentulus</em></span> <span class='ocrx_word' id='word_1_26' title='bbox 1259 692 1395 746; x_wconf 78' lang='lat' dir='ltr'><strong>Sura</strong></span> <span class='ocrx_word' id='word_1_27' title='bbox 1413 733 1427 757; x_wconf 95' lang='lat'><strong>‚</strong></span> <span class='ocrx_word' id='word_1_28' title='bbox 1455 694 1513 747; x_wconf 90' lang='lat' dir='ltr'><strong>P.</strong></span> <span class='ocrx_word' id='word_1_29' title='bbox 1540 694 1801 768; x_wconf 83' lang='lat' dir='ltr'><strong>principis</strong></span> <span class='ocrx_word' id='word_1_30' title='bbox 1823 695 2051 751; x_wconf 78' lang='lat' dir='ltr'><strong>Senatus</strong></span> <span class='ocrx_word' id='word_1_31' title='bbox 2082 715 2252 768; x_wconf 86' lang='lat' dir='ltr'><strong>nepos</strong></span> <span class='ocrx_word' id='word_1_32' title='bbox 2269 735 2286 761; x_wconf 87' lang='lat'>,</span> <span class='ocrx_word' id='word_1_33' title='bbox 2308 696 2401 769; x_wconf 84' lang='lat' dir='ltr'><strong>qui</strong></span> <span class='ocrx_word' id='word_1_34' title='bbox 2420 717 2469 752; x_wconf 83' lang='lat' dir='ltr'><strong>a.</strong></span> 
     </span>
     <span class='ocr_line' id='line_1_5' title="bbox 326 778 2475 848; baseline 0.003 -18"><span class='ocrx_word' id='word_1_35' title='bbox 326 778 466 831; x_wconf 82' lang='lat' dir='ltr'><strong>Urb.</strong></span> <span class='ocrx_word' id='word_1_36' title='bbox 496 780 598 832; x_wconf 77' lang='lat'><strong>682</strong></span> <span class='ocrx_word' id='word_1_37' title='bbox 641 780 840 833; x_wconf 84' lang='lat' dir='ltr'><strong>Consul</strong></span> <span class='ocrx_word' id='word_1_38' title='bbox 879 780 1078 845; x_wconf 79' lang='lat' dir='ltr'><strong>fueret,</strong></span> <span class='ocrx_word' id='word_1_39' title='bbox 1108 790 1162 832; x_wconf 87' lang='lat' dir='ltr'><strong>et</strong></span> <span class='ocrx_word' id='word_1_40' title='bbox 1189 778 1252 833; x_wconf 92' lang='lat' dir='ltr'><strong>C.</strong></span> <span class='ocrx_word' id='word_1_41' title='bbox 1283 782 1549 848; x_wconf 77' lang='lat' dir='ltr'><em>Cethegus,</em></span> <span class='ocrx_word' id='word_1_42' title='bbox 1580 782 1715 835; x_wconf 82' lang='lat' dir='ltr'><strong>socii</strong></span> <span class='ocrx_word' id='word_1_43' title='bbox 1754 784 1996 837; x_wconf 74' lang='lat' dir='ltr'><em>Catilina.</em></span> <span class='ocrx_word' id='word_1_44' title='bbox 2028 781 2172 836; x_wconf 80' lang='lat' dir='ltr'><strong>Vide</strong></span> <span class='ocrx_word' id='word_1_45' title='bbox 2206 782 2277 837; x_wconf 77' lang='lat' dir='ltr'><strong>nd</strong></span> <span class='ocrx_word' id='word_1_46' title='bbox 2296 784 2475 848; x_wconf 84' lang='lat' dir='ltr'><strong>vm,</strong></span> 
     </span>
     <span class='ocr_line' id='line_1_6' title="bbox 330 860 2479 939; baseline 0.003 -26"><span class='ocrx_word' id='word_1_47' title='bbox 330 860 448 916; x_wconf 78' lang='lat'><strong>231.</strong></span> <span class='ocrx_word' id='word_1_48' title='bbox 467 894 534 905; x_wconf 90' lang='lat'>—</span> <span class='ocrx_word' id='word_1_49' title='bbox 556 870 818 933; x_wconf 67' lang='lat' dir='ltr'><strong>sategerat</strong></span> <span class='ocrx_word' id='word_1_50' title='bbox 833 868 1073 916; x_wconf 74' lang='lat' dir='ltr'><strong>caelavere</strong></span> <span class='ocrx_word' id='word_1_51' title='bbox 1097 879 1223 927; x_wconf 79' lang='lat' dir='ltr'><strong>toto,</strong></span> <span class='ocrx_word' id='word_1_52' title='bbox 1251 884 1358 918; x_wconf 89' lang='lat' dir='ltr'><strong>non</strong></span> <span class='ocrx_word' id='word_1_53' title='bbox 1385 866 1597 919; x_wconf 82' lang='lat' dir='ltr'><strong>absciso</strong></span> <span class='ocrx_word' id='word_1_54' title='bbox 1625 866 1804 937; x_wconf 82' lang='lat' dir='ltr'><strong>capite</strong></span> <span class='ocrx_word' id='word_1_55' title='bbox 1826 866 1915 919; x_wconf 81' lang='lat' dir='ltr'><strong>vel</strong></span> <span class='ocrx_word' id='word_1_56' title='bbox 1942 886 2168 939; x_wconf 87' lang='lat' dir='ltr'><strong>corpore</strong></span> <span class='ocrx_word' id='word_1_57' title='bbox 2193 880 2444 920; x_wconf 80' lang='lat' dir='ltr'><strong>truncato</strong></span> <span class='ocrx_word' id='word_1_58' title='bbox 2462 906 2479 932; x_wconf 85' lang='lat'>,</span> 
     </span>
     <span class='ocr_line' id='line_1_7' title="bbox 323 948 2477 1022; baseline 0.001 -21"><span class='ocrx_word' id='word_1_59' title='bbox 323 962 384 1001; x_wconf 88' lang='lat' dir='ltr'><strong>ut</strong></span> <span class='ocrx_word' id='word_1_60' title='bbox 426 949 732 1021; x_wconf 82' lang='lat' dir='ltr'><strong>Pompeius.</strong></span> <span class='ocrx_word' id='word_1_61' title='bbox 779 950 1036 1003; x_wconf 77' lang='lat' dir='ltr'>Lentulus</span> <span class='ocrx_word' id='word_1_62' title='bbox 1073 961 1125 1003; x_wconf 86' lang='lat' dir='ltr'><strong>et</strong></span> <span class='ocrx_word' id='word_1_63' title='bbox 1162 950 1430 1021; x_wconf 79' lang='lat' dir='ltr'><strong>Cethegus</strong></span> <span class='ocrx_word' id='word_1_64' title='bbox 1455 951 1609 1022; x_wconf 82' lang='lat' dir='ltr'><strong>jussu</strong></span> <span class='ocrx_word' id='word_1_65' title='bbox 1646 948 1923 1004; x_wconf 78' lang='lat' dir='ltr'>Ciceronis</span> <span class='ocrx_word' id='word_1_66' title='bbox 1954 950 2009 1003; x_wconf 89' lang='lat' dir='ltr'><strong>in</strong></span> <span class='ocrx_word' id='word_1_67' title='bbox 2048 969 2263 1005; x_wconf 86' lang='lat' dir='ltr'><strong>carcere</strong></span> <span class='ocrx_word' id='word_1_68' title='bbox 2298 952 2477 1004; x_wconf 79' lang='lat' dir='ltr'><strong>necati</strong></span> 
     </span>
     <span class='ocr_line' id='line_1_8' title="bbox 326 1032 2471 1107; baseline 0.002 -24"><span class='ocrx_word' id='word_1_69' title='bbox 326 1044 475 1097; x_wconf 87' lang='lat' dir='ltr'><strong>sunt;</strong></span> <span class='ocrx_word' id='word_1_70' title='bbox 513 1032 750 1086; x_wconf 79' lang='lat' dir='ltr'><strong>Catilina</strong></span> <span class='ocrx_word' id='word_1_71' title='bbox 782 1033 837 1085; x_wconf 87' lang='lat' dir='ltr'><strong>in</strong></span> <span class='ocrx_word' id='word_1_72' title='bbox 878 1034 992 1087; x_wconf 81' lang='lat' dir='ltr'><strong>acie</strong></span> <span class='ocrx_word' id='word_1_73' title='bbox 1029 1032 1239 1087; x_wconf 79' lang='lat' dir='ltr'><strong>fortiter</strong></span> <span class='ocrx_word' id='word_1_74' title='bbox 1268 1052 1518 1106; x_wconf 78' lang='lat' dir='ltr'><strong>pugnans</strong></span> <span class='ocrx_word' id='word_1_75' title='bbox 1554 1052 1679 1087; x_wconf 87' lang='lat' dir='ltr'><strong>cum</strong></span> <span class='ocrx_word' id='word_1_76' title='bbox 1712 1034 1822 1087; x_wconf 82' lang='lat' dir='ltr'><strong>suis</strong></span> <span class='ocrx_word' id='word_1_77' title='bbox 1856 1034 2033 1106; x_wconf 86' lang='lat' dir='ltr'><strong>periit.</strong></span> <span class='ocrx_word' id='word_1_78' title='bbox 2076 1034 2203 1087; x_wconf 79' lang='lat' dir='ltr'><strong>Vid.</strong></span> <span class='ocrx_word' id='word_1_79' title='bbox 2243 1034 2471 1107; x_wconf 78' lang='lat' dir='ltr'><strong>Appiau.</strong></span> 
     </span>
     <span class='ocr_line' id='line_1_9' title="bbox 324 1114 2475 1191; baseline 0 -24"><span class='ocrx_word' id='word_1_80' title='bbox 324 1114 456 1169; x_wconf 89' lang='lat' dir='ltr'><strong>Bell.</strong></span> <span class='ocrx_word' id='word_1_81' title='bbox 487 1116 602 1169; x_wconf 81' lang='lat' dir='ltr'><strong>Civ.</strong></span> <span class='ocrx_word' id='word_1_82' title='bbox 627 1116 682 1168; x_wconf 91' lang='lat'><strong>11</strong></span> <span class='ocrx_word' id='word_1_83' title='bbox 701 1154 717 1179; x_wconf 84' lang='lat'><strong>,</strong></span> <span class='ocrx_word' id='word_1_84' title='bbox 743 1119 808 1182; x_wconf 88' lang='lat'><strong>6,</strong></span> <span class='ocrx_word' id='word_1_85' title='bbox 849 1134 907 1187; x_wconf 79' lang='grc'><strong>7;</strong></span> <span class='ocrx_word' id='word_1_86' title='bbox 935 1117 1079 1169; x_wconf 88' lang='lat' dir='ltr'><strong>Flor.</strong></span> <span class='ocrx_word' id='word_1_87' title='bbox 1112 1118 1213 1185; x_wconf 83' lang='lat' dir='ltr'><strong>IV,</strong></span> <span class='ocrx_word' id='word_1_88' title='bbox 1243 1136 1262 1169; x_wconf 78' lang='grc' dir='ltr'><strong>ι</strong></span> <span class='ocrx_word' id='word_1_89' title='bbox 1287 1138 1302 1183; x_wconf 88' lang='grc'><strong>;</strong></span> <span class='ocrx_word' id='word_1_90' title='bbox 1333 1118 1551 1172; x_wconf 78' lang='lat' dir='ltr'><strong>Sallust.</strong></span> <span class='ocrx_word' id='word_1_91' title='bbox 1577 1130 1632 1171; x_wconf 85' lang='lat' dir='ltr'><strong>et</strong></span> <span class='ocrx_word' id='word_1_92' title='bbox 1652 1117 1761 1170; x_wconf 84' lang='lat' dir='ltr'><strong>alii.</strong></span> <span class='ocrx_word' id='word_1_93' title='bbox 1791 1118 1999 1171; x_wconf 85' lang='lat' dir='ltr'><strong>Horum</strong></span> <span class='ocrx_word' id='word_1_94' title='bbox 2022 1117 2203 1191; x_wconf 81' lang='lat' dir='ltr'><strong>itaque</strong></span> <span class='ocrx_word' id='word_1_95' title='bbox 2232 1116 2475 1171; x_wconf 86' lang='lat' dir='ltr'><strong>conditio</strong></span> 
     </span>
     <span class='ocr_line' id='line_1_10' title="bbox 323 1199 2475 1273; baseline 0.002 -24"><span class='ocrx_word' id='word_1_96' title='bbox 323 1208 378 1249; x_wconf 82' lang='lat' dir='ltr'><strong>et</strong></span> <span class='ocrx_word' id='word_1_97' title='bbox 400 1216 544 1251; x_wconf 77' lang='lat' dir='ltr'><strong>mors</strong></span> <span class='ocrx_word' id='word_1_98' title='bbox 565 1199 740 1252; x_wconf 85' lang='lat' dir='ltr'><strong>minus</strong></span> <span class='ocrx_word' id='word_1_99' title='bbox 775 1200 970 1254; x_wconf 80' lang='lat' dir='ltr'><strong>acerba</strong></span> <span class='ocrx_word' id='word_1_100' title='bbox 999 1199 1102 1253; x_wconf 81' lang='lat' dir='ltr'><strong>fuit</strong></span> <span class='ocrx_word' id='word_1_101' title='bbox 1127 1213 1179 1253; x_wconf 89' lang='lat' dir='ltr'><strong>et</strong></span> <span class='ocrx_word' id='word_1_102' title='bbox 1215 1200 1601 1272; x_wconf 84' lang='lat' dir='ltr'><strong>ignominiosa,</strong></span> <span class='ocrx_word' id='word_1_103' title='bbox 1624 1218 1787 1273; x_wconf 87' lang='lat' dir='ltr'><strong>quam</strong></span> <span class='ocrx_word' id='word_1_104' title='bbox 1806 1201 2081 1272; x_wconf 88' lang='lat' dir='ltr'><strong>Pompeii,</strong></span> <span class='ocrx_word' id='word_1_105' title='bbox 2108 1204 2209 1253; x_wconf 86' lang='lat' dir='ltr'><strong>etsi</strong></span> <span class='ocrx_word' id='word_1_106' title='bbox 2230 1202 2275 1254; x_wconf 90' lang='lat' dir='ltr'><strong>is</strong></span> <span class='ocrx_word' id='word_1_107' title='bbox 2296 1213 2475 1254; x_wconf 78' lang='lat' dir='ltr'><strong>tantus</strong></span> 
     </span>
     <span class='ocr_line' id='line_1_11' title="bbox 324 1279 1806 1356; baseline 0.004 -26"><span class='ocrx_word' id='word_1_108' title='bbox 324 1279 410 1331; x_wconf 76' lang='lat' dir='ltr'><strong>vir</strong></span> <span class='ocrx_word' id='word_1_109' title='bbox 436 1280 564 1342; x_wconf 80' lang='lat' dir='ltr'><strong>fuit,</strong></span> <span class='ocrx_word' id='word_1_110' title='bbox 586 1292 640 1333; x_wconf 85' lang='lat' dir='ltr'><strong>et</strong></span> <span class='ocrx_word' id='word_1_111' title='bbox 663 1281 744 1333; x_wconf 87' lang='lat' dir='ltr'><strong>illi</strong></span> <span class='ocrx_word' id='word_1_112' title='bbox 765 1294 954 1335; x_wconf 83' lang='lat' dir='ltr'><strong>contra</strong></span> <span class='ocrx_word' id='word_1_113' title='bbox 987 1300 1102 1335; x_wconf 84' lang='lat' dir='ltr'><strong>rem</strong></span> <span class='ocrx_word' id='word_1_114' title='bbox 1129 1285 1406 1354; x_wconf 79' lang='lat' dir='ltr'>publicam</span> <span class='ocrx_word' id='word_1_115' title='bbox 1436 1286 1806 1356; x_wconf 79' lang='lat' dir='ltr'><strong>conjurarunt.</strong></span> 
     </span>
    </p>
   </div>
   <div class='ocr_carea' id='block_1_4' title="bbox 323 1390 2479 2135">
    <p class='ocr_par' dir='ltr' id='par_1_4' title="bbox 323 1390 2479 2135">
     <span class='ocr_line' id='line_1_12' title="bbox 391 1390 2477 1465; baseline 0.002 -24"><span class='ocrx_word' id='word_1_116' title='bbox 391 1390 530 1443; x_wconf 73' lang='lat' dir='ltr'><strong>Nor.</strong></span> <span class='ocrx_word' id='word_1_117' title='bbox 573 1390 869 1460; x_wconf 69' lang='lat'><strong>289—3155.</strong></span> <span class='ocrx_word' id='word_1_118' title='bbox 909 1396 1084 1443; x_wconf 80' lang='lat' dir='ltr'><strong>Forma</strong></span> <span class='ocrx_word' id='word_1_119' title='bbox 1119 1392 1349 1465; x_wconf 87' lang='lat' dir='ltr'><strong>pulchra</strong></span> <span class='ocrx_word' id='word_1_120' title='bbox 1387 1392 1550 1444; x_wconf 85' lang='lat' dir='ltr'><strong>etiam</strong></span> <span class='ocrx_word' id='word_1_121' title='bbox 1586 1392 1771 1445; x_wconf 82' lang='lat' dir='ltr'><strong>multis</strong></span> <span class='ocrx_word' id='word_1_122' title='bbox 1810 1391 2058 1464; x_wconf 85' lang='lat' dir='ltr'><strong>injuriis,</strong></span> <span class='ocrx_word' id='word_1_123' title='bbox 2100 1392 2477 1464; x_wconf 79' lang='lat' dir='ltr'><strong>corruptioni,</strong></span> 
     </span>
     <span class='ocr_line' id='line_1_13' title="bbox 326 1472 2474 1546; baseline 0.001 -22"><span class='ocrx_word' id='word_1_124' title='bbox 326 1472 549 1544; x_wconf 83' lang='lat' dir='ltr'><strong>aliisque</strong></span> <span class='ocrx_word' id='word_1_125' title='bbox 591 1474 848 1546; x_wconf 83' lang='lat' dir='ltr'><strong>periculis</strong></span> <span class='ocrx_word' id='word_1_126' title='bbox 888 1475 1156 1543; x_wconf 85' lang='lat' dir='ltr'><strong>obnoxia,</strong></span> <span class='ocrx_word' id='word_1_127' title='bbox 1194 1474 1437 1546; x_wconf 85' lang='lat' dir='ltr'><strong>adeoque</strong></span> <span class='ocrx_word' id='word_1_128' title='bbox 1477 1494 1593 1527; x_wconf 88' lang='lat' dir='ltr'><strong>non</strong></span> <span class='ocrx_word' id='word_1_129' title='bbox 1632 1474 1943 1546; x_wconf 86' lang='lat' dir='ltr'><strong>exoptanda</strong></span> <span class='ocrx_word' id='word_1_130' title='bbox 1988 1486 2171 1526; x_wconf 87' lang='lat' dir='ltr'><strong>est.—</strong></span> <span class='ocrx_word' id='word_1_131' title='bbox 2198 1478 2474 1537; x_wconf 77' lang='lat' dir='ltr'><strong>Murmure,</strong></span> 
     </span>
     <span class='ocr_line' id='line_1_14' title="bbox 325 1556 2479 1629; baseline 0.001 -21"><span class='ocrx_word' id='word_1_132' title='bbox 325 1574 571 1621; x_wconf 84' lang='lat' dir='ltr'><strong>susurro,</strong></span> <span class='ocrx_word' id='word_1_133' title='bbox 601 1557 888 1629; x_wconf 74' lang='grc' dir='ltr'>ψιθυρισμῷ,</span> <span class='ocrx_word' id='word_1_134' title='bbox 923 1559 1154 1611; x_wconf 79' lang='lat' dir='ltr'><strong>obscura</strong></span> <span class='ocrx_word' id='word_1_135' title='bbox 1187 1576 1322 1612; x_wconf 76' lang='lat' dir='ltr'><strong>voce</strong></span> <span class='ocrx_word' id='word_1_136' title='bbox 1367 1558 1509 1610; x_wconf 84' lang='lat' dir='ltr'><strong>intra</strong></span> <span class='ocrx_word' id='word_1_137' title='bbox 1542 1556 1727 1609; x_wconf 87' lang='lat' dir='ltr'><strong>dentes</strong></span> <span class='ocrx_word' id='word_1_138' title='bbox 1763 1556 1937 1621; x_wconf 83' lang='lat' dir='ltr'><strong>edita3</strong></span> <span class='ocrx_word' id='word_1_139' title='bbox 1978 1574 2087 1627; x_wconf 87' lang='lat' dir='ltr'><strong>quo</strong></span> <span class='ocrx_word' id='word_1_140' title='bbox 2122 1568 2250 1609; x_wconf 76' lang='lat' dir='ltr'><strong>vota</strong></span> <span class='ocrx_word' id='word_1_141' title='bbox 2283 1576 2479 1628; x_wconf 79' lang='lat' dir='ltr'><strong>parum</strong></span> 
     </span>
     <span class='ocr_line' id='line_1_15' title="bbox 323 1638 2477 1713; baseline 0 -20"><span class='ocrx_word' id='word_1_142' title='bbox 323 1640 550 1695; x_wconf 80' lang='lat' dir='ltr'><strong>honesta</strong></span> <span class='ocrx_word' id='word_1_143' title='bbox 565 1640 930 1713; x_wconf 71' lang='lat' dir='ltr'><strong>designantur.</strong></span> <span class='ocrx_word' id='word_1_144' title='bbox 951 1641 1094 1694; x_wconf 87' lang='lat' dir='ltr'>Vide</span> <span class='ocrx_word' id='word_1_145' title='bbox 1113 1640 1182 1693; x_wconf 85' lang='lat' dir='ltr'><strong>ad</strong></span> <span class='ocrx_word' id='word_1_146' title='bbox 1203 1640 1286 1693; x_wconf 82' lang='lat' dir='ltr'><strong>VI</strong></span> <span class='ocrx_word' id='word_1_147' title='bbox 1303 1680 1318 1704; x_wconf 88' lang='lat'>‚</span> <span class='ocrx_word' id='word_1_148' title='bbox 1337 1639 1456 1709; x_wconf 85' lang='lat'><strong>539.</strong></span> <span class='ocrx_word' id='word_1_149' title='bbox 1476 1638 1764 1694; x_wconf 83' lang='lat' dir='ltr'><strong>Ardentius</strong></span> <span class='ocrx_word' id='word_1_150' title='bbox 1783 1652 1964 1693; x_wconf 77' lang='lat' dir='ltr'><strong>autem</strong></span> <span class='ocrx_word' id='word_1_151' title='bbox 1986 1640 2264 1711; x_wconf 79' lang='lat' dir='ltr'><strong>magisque</strong></span> <span class='ocrx_word' id='word_1_152' title='bbox 2270 1646 2477 1707; x_wconf 81' lang='lat' dir='ltr'><strong>puellis,</strong></span> 
     </span>
     <span class='ocr_line' id='line_1_16' title="bbox 327 1723 2477 1795; baseline 0.001 -19"><span class='ocrx_word' id='word_1_153' title='bbox 327 1742 488 1795; x_wconf 82' lang='lat' dir='ltr'><strong>quam</strong></span> <span class='ocrx_word' id='word_1_154' title='bbox 505 1728 670 1792; x_wconf 75' lang='lat' dir='ltr'><strong>pueris</strong></span> <span class='ocrx_word' id='word_1_155' title='bbox 681 1728 908 1793; x_wconf 81' lang='lat' dir='ltr'><strong>sormam</strong></span> <span class='ocrx_word' id='word_1_156' title='bbox 940 1724 1228 1794; x_wconf 77' lang='lat' dir='ltr'><strong>pulchram</strong></span> <span class='ocrx_word' id='word_1_157' title='bbox 1265 1736 1408 1788; x_wconf 79' lang='lat' dir='ltr'><strong>optat</strong></span> <span class='ocrx_word' id='word_1_158' title='bbox 1437 1736 1609 1785; x_wconf 80' lang='lat' dir='ltr'><strong>mater,</strong></span> <span class='ocrx_word' id='word_1_159' title='bbox 1640 1723 1899 1794; x_wconf 82' lang='lat' dir='ltr'><strong>quoniam</strong></span> <span class='ocrx_word' id='word_1_160' title='bbox 1922 1741 1983 1777; x_wconf 80' lang='lat' dir='ltr'><strong>eu</strong></span> <span class='ocrx_word' id='word_1_161' title='bbox 2008 1724 2197 1775; x_wconf 90' lang='lat' dir='ltr'><strong>utilior</strong></span> <span class='ocrx_word' id='word_1_162' title='bbox 2228 1737 2308 1776; x_wconf 87' lang='lat' dir='ltr'><strong>est</strong></span> <span class='ocrx_word' id='word_1_163' title='bbox 2335 1724 2443 1778; x_wconf 85' lang='lat' dir='ltr'><strong>illis</strong></span> <span class='ocrx_word' id='word_1_164' title='bbox 2460 1764 2477 1789; x_wconf 90' lang='lat'>,</span> 
     </span>
     <span class='ocr_line' id='line_1_17' title="bbox 326 1806 2479 1881; baseline -0.001 -19"><span class='ocrx_word' id='word_1_165' title='bbox 326 1828 490 1881; x_wconf 79' lang='lat' dir='ltr'><strong>quam</strong></span> <span class='ocrx_word' id='word_1_166' title='bbox 513 1810 628 1871; x_wconf 85' lang='lat' dir='ltr'><strong>his;</strong></span> <span class='ocrx_word' id='word_1_167' title='bbox 652 1807 800 1862; x_wconf 86' lang='lat' dir='ltr'><strong>unde</strong></span> <span class='ocrx_word' id='word_1_168' title='bbox 828 1810 936 1861; x_wconf 88' lang='lat' dir='ltr'><strong>hoc</strong></span> <span class='ocrx_word' id='word_1_169' title='bbox 959 1807 1082 1861; x_wconf 91' lang='lat' dir='ltr'><strong>loco</strong></span> <span class='ocrx_word' id='word_1_170' title='bbox 1113 1806 1323 1879; x_wconf 76' lang='lat' dir='ltr'>egregie</span> <span class='ocrx_word' id='word_1_171' title='bbox 1342 1807 1524 1875; x_wconf 79' lang='lat' dir='ltr'><strong>majori</strong></span> <span class='ocrx_word' id='word_1_172' title='bbox 1549 1808 1785 1858; x_wconf 71' lang='lat' dir='ltr'><strong>murmura·</strong></span> <span class='ocrx_word' id='word_1_173' title='bbox 1807 1806 2105 1879; x_wconf 86' lang='lat' dir='ltr'><strong>opponitur</strong></span> <span class='ocrx_word' id='word_1_174' title='bbox 2128 1810 2388 1861; x_wconf 81' lang='lat' dir='ltr'><strong>modicum.</strong></span> <span class='ocrx_word' id='word_1_175' title='bbox 2408 1842 2479 1851; x_wconf 90' lang='lat'><strong>--</strong></span> 
     </span>
     <span class='ocr_line' id='line_1_18' title="bbox 329 1893 2479 1967; baseline 0.001 -22"><span class='ocrx_word' id='word_1_176' title='bbox 329 1902 514 1963; x_wconf 79' lang='lat' dir='ltr'><strong>Quum,</strong></span> <span class='ocrx_word' id='word_1_177' title='bbox 537 1895 776 1967; x_wconf 84' lang='lat' dir='ltr'><strong>quoties,</strong></span> <span class='ocrx_word' id='word_1_178' title='bbox 803 1896 978 1961; x_wconf 74' lang='lat' dir='ltr'><strong>videt,</strong></span> <span class='ocrx_word' id='word_1_179' title='bbox 1003 1893 1148 1959; x_wconf 71' lang='lat' dir='ltr'><strong>adit,</strong></span> <span class='ocrx_word' id='word_1_180' title='bbox 1165 1897 1352 1962; x_wconf 79' lang='lat' dir='ltr'><strong>fantem</strong></span> <span class='ocrx_word' id='word_1_181' title='bbox 1385 1895 1608 1954; x_wconf 78' lang='lat' dir='ltr'><strong>Veneris,</strong></span> <span class='ocrx_word' id='word_1_182' title='bbox 1636 1911 1757 1966; x_wconf 68' lang='lat' dir='ltr'><strong>quie</strong></span> <span class='ocrx_word' id='word_1_183' title='bbox 1790 1904 1845 1945; x_wconf 89' lang='lat' dir='ltr'><strong>et</strong></span> <span class='ocrx_word' id='word_1_184' title='bbox 1866 1893 2231 1965; x_wconf 80' lang='lat' dir='ltr'><strong>pulcherrima</strong></span> <span class='ocrx_word' id='word_1_185' title='bbox 2252 1893 2479 1948; x_wconf 85' lang='lat' dir='ltr'><strong>dearum</strong></span> 
     </span>
     <span class='ocr_line' id='line_1_19' title="bbox 323 1967 2478 2053; baseline -0.001 -21"><span class='ocrx_word' id='word_1_186' title='bbox 323 1992 437 2045; x_wconf 84' lang='lat' dir='ltr'><strong>est,</strong></span> <span class='ocrx_word' id='word_1_187' title='bbox 455 1992 510 2032; x_wconf 86' lang='lat' dir='ltr'><strong>et</strong></span> <span class='ocrx_word' id='word_1_188' title='bbox 545 1978 853 2053; x_wconf 83' lang='lat' dir='ltr'><strong>symbolum</strong></span> <span class='ocrx_word' id='word_1_189' title='bbox 893 1977 1090 2032; x_wconf 81' lang='lat' dir='ltr'><strong>amoris</strong></span> <span class='ocrx_word' id='word_1_190' title='bbox 1119 1997 1184 2031; x_wconf 83' lang='lat' dir='ltr'><strong>ac</strong></span> <span class='ocrx_word' id='word_1_191' title='bbox 1211 1976 1528 2031; x_wconf 69' lang='lat' dir='ltr'><strong>venustatis.</strong></span> <span class='ocrx_word' id='word_1_192' title='bbox 1562 1977 1856 2030; x_wconf 73' lang='lat' dir='ltr'><strong>colebatur</strong></span> <span class='ocrx_word' id='word_1_193' title='bbox 1882 1976 2045 2029; x_wconf 81' lang='lat' dir='ltr'><strong>etiam</strong></span> <span class='ocrx_word' id='word_1_194' title='bbox 2083 1976 2215 2029; x_wconf 88' lang='lat' dir='ltr'><strong>olim</strong></span> <span class='ocrx_word' id='word_1_195' title='bbox 2238 1967 2478 2049; x_wconf 71' lang='grc' dir='ltr'><strong>Ᾰφροδῖτη</strong></span> 
     </span>
     <span class='ocr_line' id='line_1_20' title="bbox 325 2056 2479 2135; baseline -0.001 -21"><span class='ocrx_word' id='word_1_196' title='bbox 325 2062 507 2133; x_wconf 79' lang='grc' dir='ltr'>ψίθυρος</span> <span class='ocrx_word' id='word_1_197' title='bbox 530 2063 585 2115; x_wconf 87' lang='lat' dir='ltr'><strong>in</strong></span> <span class='ocrx_word' id='word_1_198' title='bbox 608 2064 826 2135; x_wconf 86' lang='lat' dir='ltr'><strong>templo,</strong></span> <span class='ocrx_word' id='word_1_199' title='bbox 847 2063 898 2115; x_wconf 89' lang='lat' dir='ltr'><strong>in</strong></span> <span class='ocrx_word' id='word_1_200' title='bbox 919 2081 1028 2135; x_wconf 83' lang='lat' dir='ltr'><strong>quo</strong></span> <span class='ocrx_word' id='word_1_201' title='bbox 1051 2062 1300 2115; x_wconf 82' lang='lat' dir='ltr'><strong>mulieres</strong></span> <span class='ocrx_word' id='word_1_202' title='bbox 1315 2079 1504 2133; x_wconf 85' lang='lat' dir='ltr'><strong>preces</strong></span> <span class='ocrx_word' id='word_1_203' title='bbox 1525 2079 1589 2113; x_wconf 86' lang='lat' dir='ltr'><strong>ac</strong></span> <span class='ocrx_word' id='word_1_204' title='bbox 1608 2072 1737 2113; x_wconf 80' lang='lat' dir='ltr'><strong>vota</strong></span> <span class='ocrx_word' id='word_1_205' title='bbox 1763 2060 1897 2113; x_wconf 88' lang='lat' dir='ltr'><strong>huic</strong></span> <span class='ocrx_word' id='word_1_206' title='bbox 1920 2056 2035 2111; x_wconf 74' lang='lat' dir='ltr'><strong>deae</strong></span> <span class='ocrx_word' id='word_1_207' title='bbox 2052 2058 2479 2113; x_wconf 79' lang='lat' dir='ltr'><strong>insusurrabant.</strong></span> 
     </span>
    </p>
   </div>
   <div class='ocr_carea' id='block_1_5' title="bbox 325 2142 2476 2300">
    <p class='ocr_par' dir='ltr' id='par_1_5' title="bbox 325 2142 2476 2300">
     <span class='ocr_line' id='line_1_21' title="bbox 329 2142 2476 2218; baseline -0 -21"><span class='ocrx_word' id='word_1_208' title='bbox 329 2143 484 2213; x_wconf 84' lang='lat' dir='ltr'><strong>(vid.</strong></span> <span class='ocrx_word' id='word_1_209' title='bbox 507 2144 628 2199; x_wconf 83' lang='lat' dir='ltr'><strong>Seu.</strong></span> <span class='ocrx_word' id='word_1_210' title='bbox 648 2146 820 2218; x_wconf 80' lang='lat' dir='ltr'><strong>Epist.</strong></span> <span class='ocrx_word' id='word_1_211' title='bbox 855 2149 958 2216; x_wconf 80' lang='lat' dir='ltr'><strong>xo).</strong></span> <span class='ocrx_word' id='word_1_212' title='bbox 985 2144 1112 2198; x_wconf 82' lang='lat' dir='ltr'><strong>Vid.</strong></span> <span class='ocrx_word' id='word_1_213' title='bbox 1135 2145 1382 2199; x_wconf 73' lang='lat' dir='ltr'><strong>Eusthet.</strong></span> <span class='ocrx_word' id='word_1_214' title='bbox 1409 2142 1480 2197; x_wconf 79' lang='lat' dir='ltr'><strong>ad</strong></span> <span class='ocrx_word' id='word_1_215' title='bbox 1519 2144 1740 2199; x_wconf 83' lang='lat' dir='ltr'><strong>Homer.</strong></span> <span class='ocrx_word' id='word_1_216' title='bbox 1766 2143 1964 2217; x_wconf 76' lang='lat' dir='ltr'><strong>Odyss.</strong></span> <span class='ocrx_word' id='word_1_217' title='bbox 1991 2142 2126 2204; x_wconf 84' lang='lat' dir='ltr'><strong>XX,</strong></span> <span class='ocrx_word' id='word_1_218' title='bbox 2145 2161 2201 2214; x_wconf 89' lang='lat' dir='ltr'><strong>p.</strong></span> <span class='ocrx_word' id='word_1_219' title='bbox 2242 2144 2393 2207; x_wconf 82' lang='lat'>1881,</span> <span class='ocrx_word' id='word_1_220' title='bbox 2416 2146 2476 2198; x_wconf 79' lang='grc' dir='ltr'><strong>Δ.</strong></span> 
     </span>
     <span class='ocr_line' id='line_1_22' title="bbox 325 2229 2253 2300; baseline -0.001 -17"><span class='ocrx_word' id='word_1_221' title='bbox 325 2260 396 2271; x_wconf 92' lang='grc'>-</span> <span class='ocrx_word' id='word_1_222' title='bbox 415 2236 582 2283; x_wconf 67' lang='lat' dir='ltr'><strong>Blater-</strong></span> <span class='ocrx_word' id='word_1_223' title='bbox 605 2235 789 2294; x_wconf 75' lang='lat' dir='ltr'><strong>anxia,</strong></span> <span class='ocrx_word' id='word_1_224' title='bbox 820 2232 1052 2285; x_wconf 82' lang='lat' dir='ltr'><strong>sollicita</strong></span> <span class='ocrx_word' id='word_1_225' title='bbox 1088 2230 1158 2285; x_wconf 86' lang='lat' dir='ltr'><strong>de</strong></span> <span class='ocrx_word' id='word_1_226' title='bbox 1193 2230 1368 2284; x_wconf 76' lang='lat' dir='ltr'><strong>forma</strong></span> <span class='ocrx_word' id='word_1_227' title='bbox 1391 2230 1689 2283; x_wconf 85' lang='lat' dir='ltr'><strong>liberorum</strong></span> <span class='ocrx_word' id='word_1_228' title='bbox 1706 2270 1723 2297; x_wconf 89' lang='lat'><strong>,</strong></span> <span class='ocrx_word' id='word_1_229' title='bbox 1742 2242 1799 2283; x_wconf 88' lang='lat' dir='ltr'><strong>et</strong></span> <span class='ocrx_word' id='word_1_230' title='bbox 1824 2229 1982 2283; x_wconf 82' lang='lat' dir='ltr'><strong>anxie</strong></span> <span class='ocrx_word' id='word_1_231' title='bbox 2008 2247 2253 2300; x_wconf 81' lang='lat' dir='ltr'><strong>precam.</strong></span> 
     </span>
    </p>
   </div>
   <div class='ocr_carea' id='block_1_6' title="bbox 393 2398 2143 2468">
    <p class='ocr_par' dir='ltr' id='par_1_6' title="bbox 393 2398 2143 2468">
     <span class='ocr_line' id='line_1_23' title="bbox 393 2398 2143 2468; baseline 0.002 -21"><span class='ocrx_word' id='word_1_232' title='bbox 393 2404 528 2451; x_wconf 59' lang='lat' dir='ltr'><strong>Vsa.</strong></span> <span class='ocrx_word' id='word_1_233' title='bbox 566 2418 684 2465; x_wconf 81' lang='lat'><strong>290·</strong></span> <span class='ocrx_word' id='word_1_234' title='bbox 723 2402 820 2451; x_wconf 72' lang='lat' dir='ltr'><strong>Ubi·</strong></span> <span class='ocrx_word' id='word_1_235' title='bbox 841 2418 936 2467; x_wconf 83' lang='lat' dir='ltr'><strong>pro</strong></span> <span class='ocrx_word' id='word_1_236' title='bbox 959 2420 1136 2468; x_wconf 77' lang='lat' dir='ltr'><strong>quum,</strong></span> <span class='ocrx_word' id='word_1_237' title='bbox 1167 2404 1246 2463; x_wconf 83' lang='lat'><strong>18,</strong></span> <span class='ocrx_word' id='word_1_238' title='bbox 1277 2403 1362 2463; x_wconf 70' lang='lat'><strong>46,</strong></span> <span class='ocrx_word' id='word_1_239' title='bbox 1387 2403 1472 2460; x_wconf 76' lang='grc'><strong>48.</strong></span> <span class='ocrx_word' id='word_1_240' title='bbox 1498 2429 1564 2439; x_wconf 92' lang='grc'><strong>-</strong></span> <span class='ocrx_word' id='word_1_241' title='bbox 1586 2404 1779 2449; x_wconf 81' lang='lat' dir='ltr'><strong>Fanum</strong></span> <span class='ocrx_word' id='word_1_242' title='bbox 1806 2398 2027 2459; x_wconf 79' lang='lat' dir='ltr'><strong>Veneris,</strong></span> <span class='ocrx_word' id='word_1_243' title='bbox 2057 2410 2143 2458; x_wconf 70' lang='lat'><strong>24.</strong></span> 
     </span>
    </p>
   </div>
   <div class='ocr_carea' id='block_1_7' title="bbox 325 2505 2483 2811">
    <p class='ocr_par' dir='ltr' id='par_1_7' title="bbox 325 2505 2483 2811">
     <span class='ocr_line' id='line_1_24' title="bbox 396 2505 2479 2579; baseline 0.001 -19"><span class='ocrx_word' id='word_1_244' title='bbox 396 2508 535 2561; x_wconf 77' lang='lat' dir='ltr'><strong>Nor.</strong></span> <span class='ocrx_word' id='word_1_245' title='bbox 575 2527 694 2576; x_wconf 75' lang='lat'><strong>¹9¹·</strong></span> <span class='ocrx_word' id='word_1_246' title='bbox 733 2512 888 2577; x_wconf 77' lang='lat' dir='ltr'><strong>Usque</strong></span> <span class='ocrx_word' id='word_1_247' title='bbox 910 2512 984 2559; x_wconf 80' lang='lat' dir='ltr'><strong>ad</strong></span> <span class='ocrx_word' id='word_1_248' title='bbox 1006 2510 1212 2559; x_wconf 74' lang='lat' dir='ltr'><strong>delicias</strong></span> <span class='ocrx_word' id='word_1_249' title='bbox 1231 2520 1493 2568; x_wconf 77' lang='lat' dir='ltr'><strong>votorum,</strong></span> <span class='ocrx_word' id='word_1_250' title='bbox 1523 2505 1601 2558; x_wconf 85' lang='lat' dir='ltr'><strong>ita</strong></span> <span class='ocrx_word' id='word_1_251' title='bbox 1624 2518 1685 2559; x_wconf 90' lang='lat' dir='ltr'><strong>ut</strong></span> <span class='ocrx_word' id='word_1_252' title='bbox 1708 2525 1811 2579; x_wconf 91' lang='lat' dir='ltr'><strong>pro</strong></span> <span class='ocrx_word' id='word_1_253' title='bbox 1846 2506 1979 2577; x_wconf 85' lang='lat' dir='ltr'><strong>ipsis</strong></span> <span class='ocrx_word' id='word_1_254' title='bbox 2005 2518 2133 2559; x_wconf 80' lang='lat' dir='ltr'><strong>vota</strong></span> <span class='ocrx_word' id='word_1_255' title='bbox 2158 2505 2479 2562; x_wconf 75' lang='lat' dir='ltr'><strong>deliciarum</strong></span> 
     </span>
     <span class='ocr_line' id='line_1_25' title="bbox 328 2588 2483 2663; baseline 0.001 -20"><span class='ocrx_word' id='word_1_256' title='bbox 328 2588 735 2663; x_wconf 78' lang='lat' dir='ltr'><strong>dulcedinisque</strong></span> <span class='ocrx_word' id='word_1_257' title='bbox 766 2592 924 2663; x_wconf 83' lang='lat' dir='ltr'><strong>plena</strong></span> <span class='ocrx_word' id='word_1_258' title='bbox 968 2591 1132 2644; x_wconf 79' lang='lat' dir='ltr'><strong>faciut</strong></span> <span class='ocrx_word' id='word_1_259' title='bbox 1149 2630 1164 2653; x_wconf 92' lang='lat'>,</span> <span class='ocrx_word' id='word_1_260' title='bbox 1205 2590 1403 2661; x_wconf 83' lang='lat' dir='ltr'><strong>quibus</strong></span> <span class='ocrx_word' id='word_1_261' title='bbox 1451 2588 1691 2643; x_wconf 80' lang='lat' dir='ltr'><strong>favorem</strong></span> <span class='ocrx_word' id='word_1_262' title='bbox 1734 2588 2075 2662; x_wconf 81' lang='lat' dir='ltr'><strong>animumque</strong></span> <span class='ocrx_word' id='word_1_263' title='bbox 2112 2588 2225 2641; x_wconf 74' lang='lat' dir='ltr'><strong>dete</strong></span> <span class='ocrx_word' id='word_1_264' title='bbox 2250 2628 2265 2654; x_wconf 91' lang='lat'><strong><em>‚</em></strong></span> <span class='ocrx_word' id='word_1_265' title='bbox 2308 2593 2483 2662; x_wconf 81' lang='lat' dir='ltr'><strong>qualis</strong></span> 
     </span>
     <span class='ocr_line' id='line_1_26' title="bbox 325 2672 2480 2746; baseline 0.001 -19"><span class='ocrx_word' id='word_1_266' title='bbox 325 2676 514 2729; x_wconf 80' lang='lat' dir='ltr'><strong>Venus</strong></span> <span class='ocrx_word' id='word_1_267' title='bbox 537 2688 616 2729; x_wconf 88' lang='lat' dir='ltr'><strong>est</strong></span> <span class='ocrx_word' id='word_1_268' title='bbox 632 2715 649 2739; x_wconf 81' lang='lat'><strong>,</strong></span> <span class='ocrx_word' id='word_1_269' title='bbox 677 2674 957 2729; x_wconf 81' lang='lat' dir='ltr'><strong>conciliari</strong></span> <span class='ocrx_word' id='word_1_270' title='bbox 978 2692 1133 2746; x_wconf 84' lang='lat' dir='ltr'><strong>posse</strong></span> <span class='ocrx_word' id='word_1_271' title='bbox 1157 2684 1350 2743; x_wconf 81' lang='lat' dir='ltr'><strong>sperat.</strong></span> <span class='ocrx_word' id='word_1_272' title='bbox 1373 2674 1460 2725; x_wconf 81' lang='lat' dir='ltr'><strong>Ita</strong></span> <span class='ocrx_word' id='word_1_273' title='bbox 1483 2684 1718 2726; x_wconf 81' lang='lat' dir='ltr'><strong>mentem</strong></span> <span class='ocrx_word' id='word_1_274' title='bbox 1743 2684 1916 2745; x_wconf 65' lang='lat' dir='ltr'><strong>poeto</strong></span> <span class='ocrx_word' id='word_1_275' title='bbox 1937 2684 2079 2724; x_wconf 87' lang='lat' dir='ltr'><strong>recte</strong></span> <span class='ocrx_word' id='word_1_276' title='bbox 2114 2672 2253 2724; x_wconf 86' lang='lat' dir='ltr'><strong>mihi</strong></span> <span class='ocrx_word' id='word_1_277' title='bbox 2277 2674 2480 2745; x_wconf 79' lang='lat' dir='ltr'><strong>cepisse</strong></span> 
     </span>
     <span class='ocr_line' id='line_1_27' title="bbox 333 2757 578 2811; baseline 0 -1"><span class='ocrx_word' id='word_1_278' title='bbox 333 2757 542 2811; x_wconf 82' lang='lat' dir='ltr'><strong>videor.</strong></span> <span class='ocrx_word' id='word_1_279' title='bbox 559 2768 578 2793; x_wconf 83' lang='lat'><strong>¹</strong></span> 
     </span>
    </p>
   </div>
   <div class='ocr_carea' id='block_1_8' title="bbox 328 2848 2487 3505">
    <p class='ocr_par' dir='ltr' id='par_1_8' title="bbox 328 2848 2487 3505">
     <span class='ocr_line' id='line_1_28' title="bbox 398 2848 2481 2922; baseline -0 -18"><span class='ocrx_word' id='word_1_280' title='bbox 398 2852 537 2904; x_wconf 74' lang='lat' dir='ltr'><strong>Nor.</strong></span> <span class='ocrx_word' id='word_1_281' title='bbox 577 2869 697 2921; x_wconf 80' lang='lat'><strong>29¹·</strong></span> <span class='ocrx_word' id='word_1_282' title='bbox 737 2854 835 2902; x_wconf 85' lang='lat' dir='ltr'><strong>Cur</strong></span> <span class='ocrx_word' id='word_1_283' title='bbox 855 2865 1017 2901; x_wconf 80' lang='lat' dir='ltr'><strong>tamen</strong></span> <span class='ocrx_word' id='word_1_284' title='bbox 1043 2852 1308 2916; x_wconf 75' lang='lat' dir='ltr'><strong>corripias,</strong></span> <span class='ocrx_word' id='word_1_285' title='bbox 1340 2848 1705 2922; x_wconf 69' lang='lat' dir='ltr'><strong>reprehendas</strong></span> <span class='ocrx_word' id='word_1_286' title='bbox 1720 2849 1837 2903; x_wconf 72' lang='lat' dir='ltr'><strong>haec</strong></span> <span class='ocrx_word' id='word_1_287' title='bbox 1862 2860 1991 2902; x_wconf 73' lang='lat' dir='ltr'><strong>vota</strong></span> <span class='ocrx_word' id='word_1_288' title='bbox 2007 2885 2024 2911; x_wconf 91' lang='lat'><strong>,</strong></span> <span class='ocrx_word' id='word_1_289' title='bbox 2045 2860 2301 2919; x_wconf 79' lang='lat' dir='ltr'><strong>tanquam</strong></span> <span class='ocrx_word' id='word_1_290' title='bbox 2322 2851 2481 2903; x_wconf 86' lang='lat' dir='ltr'><strong>inho·</strong></span> 
     </span>
     <span class='ocr_line' id='line_1_29' title="bbox 328 2930 2486 3007; baseline -0.002 -17"><span class='ocrx_word' id='word_1_291' title='bbox 328 2950 481 2990; x_wconf 82' lang='lat' dir='ltr'><strong>nesta</strong></span> <span class='ocrx_word' id='word_1_292' title='bbox 497 2976 512 3001; x_wconf 90' lang='lat'>‚</span> <span class='ocrx_word' id='word_1_293' title='bbox 541 2933 982 3007; x_wconf 84' lang='lat' dir='ltr'><strong>quandoquidem</strong></span> <span class='ocrx_word' id='word_1_294' title='bbox 1007 2948 1060 2987; x_wconf 88' lang='lat' dir='ltr'><strong>et</strong></span> <span class='ocrx_word' id='word_1_295' title='bbox 1095 2938 1284 2985; x_wconf 72' lang='lat' dir='ltr'><strong>Latona</strong></span> <span class='ocrx_word' id='word_1_296' title='bbox 1313 2938 1494 2985; x_wconf 80' lang='lat' dir='ltr'><strong>Dianae</strong></span> <span class='ocrx_word' id='word_1_297' title='bbox 1515 2972 1532 2999; x_wconf 88' lang='lat'>,</span> <span class='ocrx_word' id='word_1_298' title='bbox 1555 2932 1683 2985; x_wconf 70' lang='lat' dir='ltr'><strong>filio</strong></span> <span class='ocrx_word' id='word_1_299' title='bbox 1710 2950 1845 2998; x_wconf 78' lang='lat' dir='ltr'><strong>suae,</strong></span> <span class='ocrx_word' id='word_1_300' title='bbox 1873 2930 2279 3005; x_wconf 78' lang='lat' dir='ltr'><strong>pulchritudine</strong></span> <span class='ocrx_word' id='word_1_301' title='bbox 2306 2931 2486 2987; x_wconf 84' lang='lat' dir='ltr'><strong>delec-</strong></span> 
     </span>
     <span class='ocr_line' id='line_1_30' title="bbox 329 3015 2485 3090; baseline -0 -19"><span class='ocrx_word' id='word_1_302' title='bbox 329 3018 510 3073; x_wconf 79' lang='lat' dir='ltr'><strong>tatur?</strong></span> <span class='ocrx_word' id='word_1_303' title='bbox 540 3018 700 3071; x_wconf 83' lang='lat' dir='ltr'><strong>Couf.</strong></span> <span class='ocrx_word' id='word_1_304' title='bbox 727 3018 1018 3090; x_wconf 73' lang='lat' dir='ltr'><strong>praeclarus</strong></span> <span class='ocrx_word' id='word_1_305' title='bbox 1054 3018 1206 3071; x_wconf 82' lang='lat' dir='ltr'><strong>locus</strong></span> <span class='ocrx_word' id='word_1_306' title='bbox 1229 3018 1384 3088; x_wconf 79' lang='lat' dir='ltr'><strong>Virg.</strong></span> <span class='ocrx_word' id='word_1_307' title='bbox 1425 3019 1547 3069; x_wconf 82' lang='lat' dir='ltr'><strong>AEn.</strong></span> <span class='ocrx_word' id='word_1_308' title='bbox 1587 3017 1641 3081; x_wconf 87' lang='lat'><strong>1,</strong></span> <span class='ocrx_word' id='word_1_309' title='bbox 1682 3016 1785 3085; x_wconf 71' lang='lat'><strong>498</strong></span> <span class='ocrx_word' id='word_1_310' title='bbox 1820 3034 1927 3088; x_wconf 87' lang='lat' dir='ltr'><strong>seq.</strong></span> <span class='ocrx_word' id='word_1_311' title='bbox 1970 3016 2065 3087; x_wconf 87' lang='lat' dir='ltr'><strong>qui</strong></span> <span class='ocrx_word' id='word_1_312' title='bbox 2104 3015 2284 3070; x_wconf 74' lang='lat' dir='ltr'><strong>auimo</strong></span> <span class='ocrx_word' id='word_1_313' title='bbox 2310 3030 2485 3089; x_wconf 66' lang='lat' dir='ltr'><strong>poeto</strong></span> 
     </span>
     <span class='ocr_line' id='line_1_31' title="bbox 332 3100 2487 3173; baseline -0 -19"><span class='ocrx_word' id='word_1_314' title='bbox 332 3102 734 3155; x_wconf 78' lang='lat' dir='ltr'><strong>obversabatur.</strong></span> <span class='ocrx_word' id='word_1_315' title='bbox 757 3132 816 3143; x_wconf 91' lang='lat'>-</span> <span class='ocrx_word' id='word_1_316' title='bbox 840 3104 1030 3170; x_wconf 81' lang='lat' dir='ltr'><strong>lnquit,</strong></span> <span class='ocrx_word' id='word_1_317' title='bbox 1060 3101 1264 3154; x_wconf 83' lang='lat' dir='ltr'><strong>scilicet</strong></span> <span class='ocrx_word' id='word_1_318' title='bbox 1303 3102 1398 3155; x_wconf 81' lang='lat' dir='ltr'><strong>illa</strong></span> <span class='ocrx_word' id='word_1_319' title='bbox 1427 3113 1625 3165; x_wconf 86' lang='lat' dir='ltr'><strong>mater,</strong></span> <span class='ocrx_word' id='word_1_320' title='bbox 1671 3101 1757 3155; x_wconf 77' lang='lat' dir='ltr'><strong>vel</strong></span> <span class='ocrx_word' id='word_1_321' title='bbox 1796 3100 1977 3169; x_wconf 83' lang='lat' dir='ltr'><strong>potius</strong></span> <span class='ocrx_word' id='word_1_322' title='bbox 2014 3119 2116 3173; x_wconf 90' lang='lat' dir='ltr'><strong>pro</strong></span> <span class='ocrx_word' id='word_1_323' title='bbox 2155 3103 2349 3169; x_wconf 77' lang='lat' dir='ltr'><strong>inquis,</strong></span> <span class='ocrx_word' id='word_1_324' title='bbox 2390 3113 2487 3155; x_wconf 77' lang='lat' dir='ltr'><strong>aut</strong></span> 
     </span>
     <span class='ocr_line' id='line_1_32' title="bbox 332 3181 2483 3257; baseline 0 -23"><span class='ocrx_word' id='word_1_325' title='bbox 332 3186 528 3253; x_wconf 67' lang='lat' dir='ltr'><strong>iniquitis</strong></span> <span class='ocrx_word' id='word_1_326' title='bbox 543 3206 565 3245; x_wconf 85' lang='grc'><strong>,-</strong></span> <span class='ocrx_word' id='word_1_327' title='bbox 595 3202 722 3237; x_wconf 79' lang='lat' dir='ltr'><strong>nam</strong></span> <span class='ocrx_word' id='word_1_328' title='bbox 745 3186 938 3250; x_wconf 72' lang='lat' dir='ltr'><strong>inquit,</strong></span> <span class='ocrx_word' id='word_1_329' title='bbox 969 3195 1028 3235; x_wconf 84' lang='lat' dir='ltr'><strong>ut</strong></span> <span class='ocrx_word' id='word_1_330' title='bbox 1065 3183 1160 3237; x_wconf 87' lang='lat' dir='ltr'><strong>Gr.</strong></span> <span class='ocrx_word' id='word_1_331' title='bbox 1191 3185 1278 3253; x_wconf 74' lang='grc' dir='ltr'><strong>ἔφη</strong></span> <span class='ocrx_word' id='word_1_332' title='bbox 1308 3194 1362 3237; x_wconf 90' lang='lat' dir='ltr'><strong>et</strong></span> <span class='ocrx_word' id='word_1_333' title='bbox 1397 3182 1508 3249; x_wconf 75' lang='grc' dir='ltr'><strong>φησὶ</strong></span> <span class='ocrx_word' id='word_1_334' title='bbox 1527 3222 1541 3243; x_wconf 88' lang='grc'><strong>.</strong></span> <span class='ocrx_word' id='word_1_335' title='bbox 1584 3182 1870 3257; x_wconf 67' lang='grc' dir='ltr'><strong>εερίεείιῃε</strong></span> <span class='ocrx_word' id='word_1_336' title='bbox 1908 3181 2113 3235; x_wconf 84' lang='lat' dir='ltr'><strong>dicitur</strong></span> <span class='ocrx_word' id='word_1_337' title='bbox 2146 3203 2251 3256; x_wconf 90' lang='lat' dir='ltr'><strong>pro</strong></span> <span class='ocrx_word' id='word_1_338' title='bbox 2284 3187 2445 3253; x_wconf 81' lang='lat' dir='ltr'><strong>inquis</strong></span> <span class='ocrx_word' id='word_1_339' title='bbox 2466 3225 2483 3250; x_wconf 89' lang='lat'>‚</span> 
     </span>
     <span class='ocr_line' id='line_1_33' title="bbox 333 3264 2485 3338; baseline 0.002 -24"><span class='ocrx_word' id='word_1_340' title='bbox 333 3267 527 3334; x_wconf 78' lang='lat' dir='ltr'><strong>inquitis</strong></span> <span class='ocrx_word' id='word_1_341' title='bbox 551 3278 604 3318; x_wconf 88' lang='lat' dir='ltr'><strong>et</strong></span> <span class='ocrx_word' id='word_1_342' title='bbox 637 3268 882 3334; x_wconf 75' lang='lat' dir='ltr'><strong>inquiunt,</strong></span> <span class='ocrx_word' id='word_1_343' title='bbox 915 3267 1009 3317; x_wconf 89' lang='lat' dir='ltr'><strong>ubi</strong></span> <span class='ocrx_word' id='word_1_344' title='bbox 1055 3264 1265 3337; x_wconf 83' lang='lat' dir='ltr'><strong>aliquid</strong></span> <span class='ocrx_word' id='word_1_345' title='bbox 1300 3265 1456 3319; x_wconf 89' lang='lat' dir='ltr'><strong>nobis</strong></span> <span class='ocrx_word' id='word_1_346' title='bbox 1485 3268 1557 3320; x_wconf 80' lang='lat' dir='ltr'><strong>ab</strong></span> <span class='ocrx_word' id='word_1_347' title='bbox 1586 3287 1697 3321; x_wconf 88' lang='lat' dir='ltr'><strong>uno</strong></span> <span class='ocrx_word' id='word_1_348' title='bbox 1740 3287 1833 3321; x_wconf 84' lang='lat' dir='ltr'><strong>seu</strong></span> <span class='ocrx_word' id='word_1_349' title='bbox 1857 3266 2141 3338; x_wconf 81' lang='lat' dir='ltr'><strong>pluribus,</strong></span> <span class='ocrx_word' id='word_1_350' title='bbox 2169 3284 2199 3317; x_wconf 78' lang='lat' dir='ltr'><strong>a</strong></span> <span class='ocrx_word' id='word_1_351' title='bbox 2224 3279 2485 3337; x_wconf 65' lang='lat' dir='ltr'><strong>prasente</strong></span> 
     </span>
     <span class='ocr_line' id='line_1_34' title="bbox 337 3340 2485 3423; baseline 0.001 -22"><span class='ocrx_word' id='word_1_352' title='bbox 337 3366 432 3401; x_wconf 80' lang='lat' dir='ltr'><strong>seu</strong></span> <span class='ocrx_word' id='word_1_353' title='bbox 453 3348 690 3413; x_wconf 83' lang='lat' dir='ltr'><strong>absente,</strong></span> <span class='ocrx_word' id='word_1_354' title='bbox 709 3349 876 3420; x_wconf 86' lang='lat' dir='ltr'><strong>objici</strong></span> <span class='ocrx_word' id='word_1_355' title='bbox 891 3348 1140 3420; x_wconf 79' lang='lat' dir='ltr'><strong>fingimus</strong></span> <span class='ocrx_word' id='word_1_356' title='bbox 1159 3340 1564 3420; x_wconf 82' lang='lat' dir='ltr'><strong>innuimusque;</strong></span> <span class='ocrx_word' id='word_1_357' title='bbox 1585 3350 1819 3423; x_wconf 83' lang='lat' dir='ltr'><strong>aliquem</strong></span> <span class='ocrx_word' id='word_1_358' title='bbox 1840 3349 1997 3404; x_wconf 87' lang='lat' dir='ltr'><strong>nobis</strong></span> <span class='ocrx_word' id='word_1_359' title='bbox 2018 3347 2485 3403; x_wconf 75' lang='lat' dir='ltr'><strong>contradicturum</strong></span> 
     </span>
     <span class='ocr_line' id='line_1_35' title="bbox 336 3429 2485 3505; baseline 0.001 -22"><span class='ocrx_word' id='word_1_360' title='bbox 336 3448 449 3483; x_wconf 80' lang='lat' dir='ltr'><strong>esse</strong></span> <span class='ocrx_word' id='word_1_361' title='bbox 478 3448 492 3483; x_wconf 73' lang='grc' dir='ltr'><em>τ</em></span> <span class='ocrx_word' id='word_1_362' title='bbox 520 3429 666 3501; x_wconf 85' lang='lat' dir='ltr'><strong>quod</strong></span> <span class='ocrx_word' id='word_1_363' title='bbox 689 3432 802 3504; x_wconf 78' lang='lat' dir='ltr'><strong>jam</strong></span> <span class='ocrx_word' id='word_1_364' title='bbox 827 3443 1072 3484; x_wconf 81' lang='lat' dir='ltr'><strong>notatum</strong></span> <span class='ocrx_word' id='word_1_365' title='bbox 1101 3442 1181 3484; x_wconf 83' lang='lat' dir='ltr'><strong>est</strong></span> <span class='ocrx_word' id='word_1_366' title='bbox 1207 3432 1494 3503; x_wconf 84' lang='lat' dir='ltr'><strong>multisque</strong></span> <span class='ocrx_word' id='word_1_367' title='bbox 1522 3434 1781 3505; x_wconf 80' lang='lat' dir='ltr'><strong>exemplis</strong></span> <span class='ocrx_word' id='word_1_368' title='bbox 1809 3432 2225 3504; x_wconf 84' lang='lat' dir='ltr'><strong>comprobatum</strong></span> <span class='ocrx_word' id='word_1_369' title='bbox 2252 3449 2284 3484; x_wconf 86' lang='lat' dir='ltr'><strong>a</strong></span> <span class='ocrx_word' id='word_1_370' title='bbox 2311 3432 2485 3485; x_wconf 86' lang='lat' dir='ltr'><strong>Bentl.</strong></span> 
     </span>
    </p>
   </div>
   <div class='ocr_carea' id='block_1_9' title="bbox 1190 3606 1653 3627">
    <p class='ocr_par' dir='ltr' id='par_1_9' title="bbox 1190 3606 1653 3627">
     <span class='ocr_line' id='line_1_36' title="bbox 1190 3606 1653 3627; baseline 0.004 -3"><span class='ocrx_word' id='word_1_371' title='bbox 1190 3606 1653 3627; x_wconf 56' lang='lat' dir='ltr'><strong>mmwmm</strong></span> 
     </span>
    </p>
   </div>
   <div class='ocr_carea' id='block_1_10' title="bbox 329 3725 2487 4190">
    <p class='ocr_par' dir='ltr' id='par_1_10' title="bbox 329 3725 2487 4190">
     <span class='ocr_line' id='line_1_37' title="bbox 407 3725 2481 3795; baseline 0 -16"><span class='ocrx_word' id='word_1_372' title='bbox 407 3732 426 3760; x_wconf 77' lang='lat'><strong>¹</strong></span> <span class='ocrx_word' id='word_1_373' title='bbox 463 3730 636 3779; x_wconf 78' lang='lat' dir='ltr'><strong>Minus</strong></span> <span class='ocrx_word' id='word_1_374' title='bbox 662 3740 774 3795; x_wconf 81' lang='lat' dir='ltr'><strong>apte</strong></span> <span class='ocrx_word' id='word_1_375' title='bbox 809 3730 892 3778; x_wconf 76' lang='lat' dir='ltr'><strong>alii</strong></span> <span class='ocrx_word' id='word_1_376' title='bbox 911 3767 926 3791; x_wconf 90' lang='lat'>,</span> <span class='ocrx_word' id='word_1_377' title='bbox 969 3746 1016 3778; x_wconf 77' lang='lat' dir='ltr'><strong>v.</strong></span> <span class='ocrx_word' id='word_1_378' title='bbox 1055 3744 1100 3777; x_wconf 86' lang='lat' dir='ltr'><strong>c.</strong></span> <span class='ocrx_word' id='word_1_379' title='bbox 1137 3744 1203 3777; x_wconf 79' lang='lat' dir='ltr'><strong>ex</strong></span> <span class='ocrx_word' id='word_1_380' title='bbox 1232 3730 1361 3778; x_wconf 80' lang='lat' dir='ltr'><strong>votis</strong></span> <span class='ocrx_word' id='word_1_381' title='bbox 1451 3730 1505 3777; x_wconf 86' lang='lat' dir='ltr'><strong>in</strong></span> <span class='ocrx_word' id='word_1_382' title='bbox 1524 3732 1652 3779; x_wconf 81' lang='lat' dir='ltr'><strong>votis</strong></span> <span class='ocrx_word' id='word_1_383' title='bbox 1673 3739 1848 3779; x_wconf 78' lang='lat' dir='ltr'><strong>voveat</strong></span> <span class='ocrx_word' id='word_1_384' title='bbox 1866 3725 2090 3788; x_wconf 66' lang='lat' dir='ltr'><strong>filiabus,</strong></span> <span class='ocrx_word' id='word_1_385' title='bbox 2126 3740 2177 3778; x_wconf 87' lang='lat' dir='ltr'><strong>et</strong></span> <span class='ocrx_word' id='word_1_386' title='bbox 2200 3740 2257 3780; x_wconf 87' lang='lat' dir='ltr'><strong>ut</strong></span> <span class='ocrx_word' id='word_1_387' title='bbox 2286 3733 2343 3779; x_wconf 77' lang='lat' dir='ltr'><strong>in</strong></span> <span class='ocrx_word' id='word_1_388' title='bbox 2376 3749 2481 3780; x_wconf 80' lang='lat' dir='ltr'><strong>am-</strong></span> 
     </span>
     <span class='ocr_line' id='line_1_38' title="bbox 335 3806 2481 3875; baseline 0.001 -19"><span class='ocrx_word' id='word_1_389' title='bbox 335 3808 455 3873; x_wconf 80' lang='lat' dir='ltr'><strong>ipsis</strong></span> <span class='ocrx_word' id='word_1_390' title='bbox 477 3819 680 3872; x_wconf 68' lang='lat' dir='ltr'><strong>captans</strong></span> <span class='ocrx_word' id='word_1_391' title='bbox 701 3808 902 3857; x_wconf 71' lang='lat' dir='ltr'><strong>delicies</strong></span> <span class='ocrx_word' id='word_1_392' title='bbox 927 3819 976 3857; x_wconf 88' lang='lat' dir='ltr'><strong>et</strong></span> <span class='ocrx_word' id='word_1_393' title='bbox 1003 3806 1180 3873; x_wconf 69' lang='lat' dir='ltr'><strong>gaudia</strong></span> <span class='ocrx_word' id='word_1_394' title='bbox 1196 3842 1212 3867; x_wconf 91' lang='lat'>,</span> <span class='ocrx_word' id='word_1_395' title='bbox 1233 3809 1360 3856; x_wconf 76' lang='lat' dir='ltr'><strong>Prst.</strong></span> <span class='ocrx_word' id='word_1_396' title='bbox 1449 3809 1629 3874; x_wconf 78' lang='lat' dir='ltr'><strong>plexus</strong></span> <span class='ocrx_word' id='word_1_397' title='bbox 1655 3808 1722 3857; x_wconf 84' lang='lat' dir='ltr'><strong>oh</strong></span> <span class='ocrx_word' id='word_1_398' title='bbox 1749 3808 2171 3873; x_wconf 81' lang='lat' dir='ltr'><strong>pulchritudinem</strong></span> <span class='ocrx_word' id='word_1_399' title='bbox 2197 3811 2481 3875; x_wconf 75' lang='lat' dir='ltr'><strong>rapiantur,</strong></span> 
     </span>
     <span class='ocr_line' id='line_1_39' title="bbox 331 3887 2481 3952; baseline 0.001 -16"><span class='ocrx_word' id='word_1_400' title='bbox 331 3914 403 3925; x_wconf 90' lang='lat'>—</span> <span class='ocrx_word' id='word_1_401' title='bbox 426 3896 632 3952; x_wconf 76' lang='lat' dir='ltr'><strong>optans,</strong></span> <span class='ocrx_word' id='word_1_402' title='bbox 677 3898 734 3935; x_wconf 86' lang='lat' dir='ltr'><strong>ut</strong></span> <span class='ocrx_word' id='word_1_403' title='bbox 781 3898 882 3936; x_wconf 72' lang='lat' dir='ltr'><strong>tam</strong></span> <span class='ocrx_word' id='word_1_404' title='bbox 925 3888 1143 3935; x_wconf 77' lang='lat' dir='ltr'><strong>formosa</strong></span> <span class='ocrx_word' id='word_1_405' title='bbox 1176 3887 1270 3948; x_wconf 85' lang='lat' dir='ltr'><strong>sit,</strong></span> <span class='ocrx_word' id='word_1_406' title='bbox 1307 3898 1363 3936; x_wconf 85' lang='lat' dir='ltr'><strong>ut</strong></span> <span class='ocrx_word' id='word_1_407' title='bbox 1451 3888 1689 3937; x_wconf 78' lang='lat' dir='ltr'><strong>Schunfl.</strong></span> <span class='ocrx_word' id='word_1_408' title='bbox 1710 3916 1777 3926; x_wconf 97' lang='lat'>—</span> <span class='ocrx_word' id='word_1_409' title='bbox 1800 3887 2034 3952; x_wconf 77' lang='lat' dir='ltr'><strong>usquead</strong></span> <span class='ocrx_word' id='word_1_410' title='bbox 2056 3888 2154 3937; x_wconf 90' lang='lat' dir='ltr'><strong>hoc</strong></span> <span class='ocrx_word' id='word_1_411' title='bbox 2178 3890 2364 3939; x_wconf 68' lang='lat' dir='ltr'><strong>deliciae</strong></span> <span class='ocrx_word' id='word_1_412' title='bbox 2388 3892 2481 3939; x_wconf 85' lang='lat' dir='ltr'><strong>ho-</strong></span> 
     </span>
     <span class='ocr_line' id='line_1_40' title="bbox 331 3967 2481 4033; baseline 0.001 -18"><span class='ocrx_word' id='word_1_413' title='bbox 331 3982 442 4015; x_wconf 79' lang='lat' dir='ltr'><strong>estn</strong></span> <span class='ocrx_word' id='word_1_414' title='bbox 458 3968 664 4028; x_wconf 77' lang='lat' dir='ltr'><strong>iuvenes</strong></span> <span class='ocrx_word' id='word_1_415' title='bbox 681 3968 738 4015; x_wconf 84' lang='lat' dir='ltr'><strong>in</strong></span> <span class='ocrx_word' id='word_1_416' title='bbox 758 3983 874 4017; x_wconf 81' lang='lat' dir='ltr'><strong>suos</strong></span> <span class='ocrx_word' id='word_1_417' title='bbox 891 3967 1146 4032; x_wconf 78' lang='lat' dir='ltr'><strong>amplexus</strong></span> <span class='ocrx_word' id='word_1_418' title='bbox 1165 3978 1361 4033; x_wconf 82' lang='lat' dir='ltr'><strong>optent,</strong></span> <span class='ocrx_word' id='word_1_419' title='bbox 1451 3970 1641 4033; x_wconf 74' lang='lat' dir='ltr'><strong>minum</strong></span> <span class='ocrx_word' id='word_1_420' title='bbox 1688 3969 1896 4015; x_wconf 81' lang='lat' dir='ltr'><strong>veniunt</strong></span> <span class='ocrx_word' id='word_1_421' title='bbox 1908 4003 1923 4028; x_wconf 92' lang='lat'>,</span> <span class='ocrx_word' id='word_1_422' title='bbox 1968 3978 2023 4015; x_wconf 92' lang='lat' dir='ltr'><strong>ut</strong></span> <span class='ocrx_word' id='word_1_423' title='bbox 2060 3970 2481 4032; x_wconf 81' lang='lat' dir='ltr'><strong>pulchritudinem</strong></span> 
     </span>
     <span class='ocr_line' id='line_1_41' title="bbox 329 4042 2487 4112; baseline 0.001 -17"><span class='ocrx_word' id='word_1_424' title='bbox 329 4062 486 4110; x_wconf 81' lang='lat' dir='ltr'><strong>nsque</strong></span> <span class='ocrx_word' id='word_1_425' title='bbox 512 4047 576 4095; x_wconf 76' lang='lat' dir='ltr'><strong>sd</strong></span> <span class='ocrx_word' id='word_1_426' title='bbox 595 4046 800 4095; x_wconf 77' lang='lat' dir='ltr'><strong>delicata</strong></span> <span class='ocrx_word' id='word_1_427' title='bbox 825 4046 974 4095; x_wconf 83' lang='lat' dir='ltr'><strong>nimis</strong></span> <span class='ocrx_word' id='word_1_428' title='bbox 989 4056 1102 4095; x_wconf 76' lang='lat' dir='ltr'><strong>vota</strong></span> <span class='ocrx_word' id='word_1_429' title='bbox 1119 4082 1134 4109; x_wconf 87' lang='lat'><strong>,</strong></span> <span class='ocrx_word' id='word_1_430' title='bbox 1155 4048 1360 4094; x_wconf 82' lang='lat' dir='ltr'><strong>Brit.—</strong></span> <span class='ocrx_word' id='word_1_431' title='bbox 1449 4057 1623 4111; x_wconf 85' lang='lat' dir='ltr'><strong>optent</strong></span> <span class='ocrx_word' id='word_1_432' title='bbox 1642 4042 1761 4095; x_wconf 77' lang='lat' dir='ltr'><strong>filiis</strong></span> <span class='ocrx_word' id='word_1_433' title='bbox 1792 4047 1921 4107; x_wconf 80' lang='lat' dir='ltr'><strong>suis,</strong></span> <span class='ocrx_word' id='word_1_434' title='bbox 1938 4047 2103 4095; x_wconf 84' lang='lat' dir='ltr'><strong>Sebol.</strong></span> <span class='ocrx_word' id='word_1_435' title='bbox 2133 4076 2201 4085; x_wconf 87' lang='lat'><em>-</em></span> <span class='ocrx_word' id='word_1_436' title='bbox 2230 4048 2487 4112; x_wconf 72' lang='lat' dir='ltr'><strong>languenti</strong></span> 
     </span>
     <span class='ocr_line' id='line_1_42' title="bbox 331 4126 2255 4190; baseline 0 -15"><span class='ocrx_word' id='word_1_437' title='bbox 331 4142 488 4190; x_wconf 79' lang='lat' dir='ltr'><strong>usque</strong></span> <span class='ocrx_word' id='word_1_438' title='bbox 505 4126 633 4176; x_wconf 83' lang='lat' dir='ltr'><strong>adeo</strong></span> <span class='ocrx_word' id='word_1_439' title='bbox 651 4126 881 4190; x_wconf 77' lang='lat' dir='ltr'><strong>demens,</strong></span> <span class='ocrx_word' id='word_1_440' title='bbox 911 4136 968 4175; x_wconf 81' lang='lat' dir='ltr'><strong>ut</strong></span> <span class='ocrx_word' id='word_1_441' title='bbox 987 4127 1134 4175; x_wconf 77' lang='lat' dir='ltr'><strong>etiam</strong></span> <span class='ocrx_word' id='word_1_442' title='bbox 1155 4126 1356 4175; x_wconf 72' lang='lat' dir='ltr'><strong>delicias</strong></span> <span class='ocrx_word' id='word_1_443' title='bbox 1444 4126 1731 4190; x_wconf 82' lang='lat' dir='ltr'><strong>ardentique</strong></span> <span class='ocrx_word' id='word_1_444' title='bbox 1752 4126 1999 4176; x_wconf 72' lang='lat' dir='ltr'><strong>desiderio</strong></span> <span class='ocrx_word' id='word_1_445' title='bbox 2015 4162 2032 4188; x_wconf 90' lang='lat'><strong>,</strong></span> <span class='ocrx_word' id='word_1_446' title='bbox 2052 4126 2255 4175; x_wconf 81' lang='lat' dir='ltr'><strong>Bahrdt.</strong></span> 
     </span>
    </p>
   </div>
  </div>
 </body>
</html>
