3050 4884
578 358 697 423 132
883 352 1229 418 VARIAE
1271 348 1867 416 LECTIONES
1911 350 2038 413 ET
2082 348 2389 415 NOTAE

565 488 746 525 amore
769 469 884 540 ejus
916 466 1188 519 detinetur
1211 483 1276 518 ae
1299 463 1622 526 devincitur,
1658 462 2069 529 exstinguendus,
2096 464 2369 528 peritum«,
2398 472 2463 513 ut
2494 472 2713 535 pereat:

561 571 690 605 nam
706 551 878 614 oculi,
899 550 986 603 vel
1006 548 1169 602 facies
1185 586 1200 613 ,
1219 548 1444 619 aliaque
1463 558 1642 617 partes
1666 544 1911 615 corporis
1932 544 2177 615 pulchre
2202 543 2593 616 adspicientem
2612 562 2703 594 ea-

555 656 701 707 pere,
729 652 924 704 rupere,
969 634 1066 684 sibi
1091 634 1334 698 subripere
1368 642 1422 683 et
1452 632 1637 680 venari
1668 626 1938 681 dicuutur.
1961 638 1979 665 ¹
2028 628 2176 681 Male
2206 631 2444 701 jungunt
2478 646 2493 681 :
2526 632 2717 697 rapitur

566 722 949 787 exstinguendus
971 718 1119 767 oculis
1143 716 1442 772 Messalina,
1463 708 1793 765 occidendus
1816 724 1940 765 ante
1964 712 2157 765 oculos
2176 714 2307 785 ejus.

635 828 773 879 Nor.
811 822 1105 878 333—336.
1143 822 1533 875 Describuntur
1555 820 1799 874 solennia
1823 821 2137 894 nuptiarum
2156 822 2464 875 Messalina>
2480 836 2537 875 et
2552 822 2673 876 Silii
2698 862 2713 889 ,

567 908 635 963 de
656 909 853 983 quibus
875 907 1018 960 conf.
1038 908 1170 960 Tac.
1195 911 1332 959 Anu.
1359 906 1440 957 xl
1457 942 1474 969 ,
1504 922 1589 974 ²7·

634 1083 767 1130 Van.
807 1082 925 1138 334.
961 1078 1289 1138 flammeolo,
1323 1078 1416 1139 18,
1441 1091 1534 1138 20,
1563 1077 1661 1137 23,
1688 1085 1784 1137 aa,
1813 1080 1908 1139 62,
1938 1078 2034 1139 68,
2056 1093 2141 1139 71,
2174 1092 2271 1137 72,
2300 1078 2385 1137 73.
2412 1076 2543 1125 Vide
2561 1092 2710 1141 supra

562 1166 754 1214 Corum.
779 1165 843 1213 ad
865 1166 950 1227 11,
978 1171 1092 1219 124.

631 1258 768 1311 Nor.
804 1258 925 1321 334.
962 1258 1283 1314 flammeolo,
1307 1255 1456 1315 velo,
1479 1270 1589 1324 quo
1614 1264 1756 1305 tecta
1777 1270 1973 1325 sponsa
2002 1252 2087 1305 vel
2111 1270 2253 1305 nova
2280 1264 2448 1323 nupta
2476 1250 2710 1305 traditur

561 1358 791 1411 sponso;
827 1336 951 1393 vide
983 1335 1055 1391 ad
1092 1338 1180 1399 ΙΙ,
1223 1340 1338 1397 1²4·
1378 1364 1448 1374 —
1492 1336 1683 1399 Tyrius,
1720 1352 2056 1407 purpureus,
2090 1336 2345 1399 Geniale's,
2387 1333 2503 1386 scil.
2538 1333 2712 1386 lectus

561 1424 844 1497 nuptialis,
868 1439 1114 1495 purpura
1140 1432 1366 1483 stratus3
1401 1416 1526 1471 vide
1548 1416 1619 1471 ad
1648 1419 1731 1470 VI
1747 1458 1762 1482 ,
1791 1436 1876 1470 aa.
1903 1446 1975 1457 -
1998 1420 2058 1467 In
2082 1419 2238 1467 lionis
2266 1414 2623 1480 Lucullianis,
2645 1414 2714 1469 de

561 1507 629 1561 de
649 1508 844 1579 quibus
865 1504 988 1558 vide
1007 1503 1186 1556 Tacit.
1201 1502 1426 1573 ejusque
1448 1500 1621 1571 intpp.
1642 1502 1777 1552 Anu.
1800 1500 1883 1551 11
1899 1539 1914 1566 ,
1942 1517 1989 1564 1,
2016 1498 2080 1551 32
2104 1510 2159 1552 et
2180 1498 2246 1569 37
2265 1539 2280 1566 ‚
2304 1498 2502 1571 quibua
2532 1510 2714 1551 tamen

561 1593 694 1645 locis
713 1600 974 1643 memorat
989 1625 1004 1650 ,
1031 1584 1378 1639 Messalinam
1397 1584 1605 1654 nuptiis
1626 1582 1845 1635 demum
1872 1582 2155 1637 celebratis
2183 1582 2241 1634 in
2264 1582 2455 1634 hortos
2477 1580 2603 1634 illos
2626 1580 2710 1633 di-

561 1690 822 1745 gressam,
853 1682 908 1723 et
929 1671 986 1722 in
1007 1669 1073 1720 iis
1106 1666 1442 1720 interfectam
1459 1685 1591 1719 esse.
1616 1666 1917 1719 Herminius
1933 1679 2143 1731 monet,
2168 1667 2334 1719 salem
2366 1666 2567 1718 babere
2590 1684 2712 1721 voc.

551 1761 762 1826 palam,
793 1766 1143 1826 pactamque,
1173 1761 1235 1801 ut
1266 1746 1589 1801 indomitam
1623 1749 1927 1825 Messalinae
1951 1749 2236 1804 libidinem
2260 1760 2466 1813 ureret,
2498 1761 2715 1813 notam,

563 1858 683 1894 eam
719 1835 908 1891 co'ntra
931 1852 1140 1888 morem
1166 1850 1450 1885 romanum
1479 1850 1591 1883 non
1616 1831 1673 1883 in
1701 1835 1823 1882 lecto
1844 1837 2076 1893 adverso,
2114 1834 2211 1905 qui
2234 1833 2343 1885 fere
2368 1833 2423 1883 in
2450 1832 2588 1884 atrio
2610 1832 2711 1884 do·

567 1942 708 1986 mus,
745 1933 870 1974 aute
908 1920 1079 1991 ipsam
1098 1920 1320 1987 januam
1349 1916 1615 1981 (adversus
1638 1917 1857 1984 januam
1880 1956 1895 1979 ,
1920 1914 1989 1965 de
2010 1936 2119 1985 quo
2144 1914 2267 1967 vide
2290 1914 2433 1985 Lips.
2455 1913 2625 1967 Elect.
2650 1913 2677 1964 1
2692 1954 2710 1980 ,

569 2010 704 2077 17),
737 2002 1090 2063 statuebatur,
1117 1996 1214 2051 sed
1233 1995 1454 2067 publice
1472 1994 1526 2045 in
1548 1994 1719 2045 hortis
1740 1994 2003 2066 pudorem
2026 1998 2363 2069 prostituisse
2380 2036 2394 2058 ‚
2434 1998 2713 2071 obiterque

571 2090 649 2141 ita
691 2086 846 2157 tangi
879 2081 1170 2136 mirificum
1211 2076 1557 2151 Imperatoris
1606 2076 1789 2130 mariti
1822 2089 2113 2150 stuporem.
2151 2080 2351 2133 Confer
2386 2079 2565 2133 Taciti
2608 2082 2715 2133 An-

573 2172 756 2236 nales,
793 2167 889 2221 lib.
931 2166 1041 2229 XI,
1085 2182 1169 2235 ²7·

644 2346 783 2393 Van.
822 2343 940 2391 335.
982 2337 1224 2399 Cernitur,
1248 2352 1281 2387 a
1304 2353 1371 2387 m.
1391 2350 1470 2401 pr.

642 2436 782 2487 Nor.
821 2432 938 2487 335.
974 2433 1139 2485 Poeta
1172 2448 1282 2482 non
1313 2429 1425 2493 ait,
1463 2428 1743 2498 antiquas,
1776 2428 1885 2483 sive
1919 2428 2057 2481 ritus
2086 2430 2329 2499 antiqui,
2372 2428 2525 2481 dotes
2548 2429 2711 2483 fuisse

574 2520 736 2570 decies
769 2530 1005 2576 centetum·
1041 2513 1135 2567 sed
1167 2524 1320 2565 notat
1341 2508 1663 2563 invidiosam
1690 2511 1789 2563 illo
1810 2530 1925 2565 evo
1961 2516 2325 2565 Romanorum
2351 2512 2683 2583 opulentiam
2700 2552 2715 2575 ,

574 2616 692 2671 quc
711 2609 918 2651 tantum
935 2598 1004 2651 ab
1024 2596 1243 2665 antiqua
1262 2594 1518 2646 tenuitate
1536 2604 1828 2645 recesserat
1845 2632 1861 2656 ,
1894 2604 1957 2645 ut
1976 2599 2131 2664 quasi
2152 2592 2388 2664 legitima
2411 2607 2466 2647 et
2484 2596 2717 2647 solennis

577 2682 786 2735 dotium
813 2698 1016 2733 summa
1043 2689 1180 2733 esset
1203 2675 1379 2728 decies
1402 2688 1629 2727 centena
1650 2675 1851 2738 millia,
1892 2675 2036 2730 unde
2052 2689 2107 2730 et
2126 2678 2329 2731 Seneca
2352 2696 2367 2729 ε
2388 2683 2717 2730 Pantomimae

577 2769 733 2819 decies
751 2766 962 2816 sestertio
979 2766 1192 2820 nubitum·
1221 2758 1420 2828 Rigalt.
1451 2754 1595 2809 Vide
1617 2754 1689 2809 ad
1712 2758 1795 2810 vl
1811 2799 1826 2825 ,
1856 2762 1971 2830 137.

645 2876 785 2929 Nor.
823 2874 942 2927 336.
983 2874 1181 2938 Auspex
1203 2868 1564 2921 adhibebatur
1585 2868 1641 2919 in
1662 2866 1893 2939 nuptiis,
1920 2882 1981 2923 ut
2004 2872 2379 2925 auctoritatem
2408 2872 2472 2925 iis
2491 2882 2511 2908 ²
2540 2872 2691 2925 daret
2701 2922 2718 2950 ‚

575 2972 629 3011 et
646 2977 743 3029 per
765 2976 888 3009 eum
911 2954 1148 3025 auspicia
1169 2949 1433 3004 baberent
1455 2968 1682 3020 sponsus
1704 2968 1766 3003 ac
1784 2970 2006 3025 sponsa;
2026 2974 2151 3007 nam
2170 2957 2449 3027 auspicato
2468 2995 2485 3021 ,
2509 2970 2569 3009 ut
2588 2958 2687 3010 alia
2700 2996 2719 3021 ,

578 3044 656 3101 sic
677 3060 891 3114 quoque
907 3038 1250 3093 matrimonia
1270 3036 1746 3088 contrahebantur.
1774 3043 1873 3088 Dos
1890 3040 2053 3093 etiam
2073 3044 2197 3091 inter
2220 3044 2443 3109 auspices
2462 3046 2720 3110 consigna-

579 3132 744 3192 batur‚
767 3126 986 3179 Sueton.
1013 3118 1204 3174 Claud.
1232 3124 1296 3171 26
1318 3118 1486 3187 (conf.
1507 3118 1638 3172 Ern.
1663 3118 1813 3173 Clav.
1836 3120 1948 3175 Cic.
1978 3143 2092 3177 voc.
2115 3130 2319 3191 Auspex
2332 3145 2355 3184 ,·
2376 3125 2508 3177 Tac.
2531 3125 2714 3177 Annal.

578 3208 684 3273 XI,
713 3224 804 3277 ²73
833 3204 1000 3267 XIII,
1021 3204 1138 3273 37).
1160 3200 1437 3252 Ciceronis
1455 3212 1631 3252 autem
1646 3218 1757 3254 aevo
1780 3220 1864 3255 res
1882 3223 1991 3255 non
2017 3206 2248 3277 amplius
2268 3205 2323 3258 in
2350 3224 2453 3259 usu
2471 3206 2597 3269 fuit,
2624 3206 2719 3261 sed

577 3308 775 3343 nomen
798 3300 1025 3341 tantum.
1059 3282 1203 3336 Vide
1230 3282 1341 3361 Cic.
1371 3280 1438 3333 de
1471 3284 1596 3335 Div.
1620 3282 1649 3333 1
1672 3322 1686 3346 ,
1716 3288 1794 3336 16.
1832 3316 1900 3325 —
1942 3291 2056 3338 Cum
2076 3292 2396 3357 signatoribus
2413 3288 2719 3342 tabularum

579 3372 743 3435 dotis,
762 3389 857 3423 seu
875 3366 1198 3440 nuptialium
1211 3404 1226 3431 ‚
1248 3364 1390 3416 inter
1411 3382 1547 3434 quos
1576 3366 1752 3435 ipsum
1771 3386 1986 3439 quoque
2007 3370 2295 3423 Claudium
2316 3372 2475 3425 fuisse
2494 3371 2716 3443 quidam

574 3466 852 3528 putarunt,
869 3484 939 3495 -
958 3479 980 3499 ι
999 3454 1248 3502 Inductum
1260 3488 1274 3512 ,
1296 3467 1366 3519 qu
1375 3448 1450 3500 asi
1470 3446 1538 3500 de
1562 3448 1827 3502 industria
1846 3451 2227 3507 simularentur
2245 3456 2444 3526 nuptia!
2464 3455 2535 3507 ad
2563 3474 2713 3508 aver-

575 3539 796 3593 tendum
819 3534 1354 3605 transferendumque
1389 3534 1686 3604 periculum
1721 3534 1870 3605 quod
1904 3526 2177 3591 imminere
2204 3541 2309 3612 ipsi
2339 3540 2436 3610 per
2467 3537 2715 3611 quaedam

573 3634 782 3676 ostenta
812 3618 1266 3694 portenderetur.-
1303 3618 1388 3668 lta
1415 3618 1559 3669 Suet.
1590 3615 1786 3669 Claud.
1811 3636 1892 3687 ²9·
1932 3620 2217 3675 Enimvero
2240 3622 2331 3673 ille
2358 3641 2469 3674 non
2492 3622 2713 3674 ultimus

1409 3788 1871 3809 mmmm

646 3919 664 3943 ¹
703 3910 844 3959 Conf-
879 3906 1031 3959 ovid.
1067 3911 1182 3960 Am.
1219 3914 1326 3971 111,
1373 3928 1458 3971 11,
1497 3914 1594 3969 483
1760 3918 1779 3944 ²
1816 3914 1932 3961 vid.
1960 3914 2153 3961 Ernesti
2186 3914 2322 3961 Clav.
2345 3914 2445 3961 Cic.
2466 3930 2578 3965 voc.
2608 3922 2713 3965 Au-

569 3992 735 4037 Bnrm.
754 3990 818 4038 ad
841 3988 1029 4037 Phaedr.
1049 3992 1134 4047 IV,
1159 3998 1215 4049 4,
1237 4000 1296 4050 4;
1321 3991 1593 4039 Mitscherl.
1683 4008 1821 4055 sper,
1846 4004 1894 4041 et
1914 3994 2042 4043 cons.
2066 3994 2223 4041 Taciti
2241 3994 2481 4056 Annales,
2500 3996 2592 4043 lib.
2620 4000 2715 4058 xl,

568 4071 632 4119 ad
651 4072 821 4121 Horat.
849 4071 945 4119 Od.
969 4073 1056 4131 IV,
1089 4072 1175 4131 13,
1199 4088 1284 4120 ao.
1680 4088 1789 4141 cap.
1814 4090 1895 4135 τις.
