3050 4884
531 358 917 427 s··AT1RAE
959 355 1373 424 DECIMAE
1421 353 1818 440 QUINTAE
1863 355 2345 423 ANALYSIS.
2392 355 2524 439 367

371 487 429 533 et
458 476 653 552 ignari
680 475 873 533 adhuc
909 475 1245 533 Stoicorum
1271 471 1690 548 philosophiae,
1741 471 1925 528 vitam
1970 471 2278 530 inhonesto
2313 472 2525 542 mod0,

365 570 757 625 humanorum
795 567 1016 625 scilicet
1049 584 1367 642 corporum
1410 563 1684 640 dapibus,
1718 563 2117 639 protraxerint
2149 562 2524 642 (93—114);

366 680 491 718 non
517 662 741 717 Tauros
754 701 775 732 ,
808 660 913 736 qni
940 659 1206 718 homines
1234 667 1459 716 tantum
1492 656 1927 715 immolaverint
1949 655 2180 730 Dianae,
2201 676 2328 714 non
2353 656 2526 714 etiam

370 753 735 812 comederint
750 751 805 830 (1
820 773 843 810 1
855 750 1004 811 5—1
1019 749 1114 832 19)
1132 773 1150 825 ;
1169 771 1295 810 non
1317 752 1590 810 Cimbros
1610 769 1720 808 nec
1737 751 2048 808 Britannos
2061 791 2080 822 ,
2099 761 2201 808 aut
2217 753 2526 809 Sauroma-

368 859 454 904 tas
484 857 545 904 et
570 847 933 923 Agathyrsos
958 843 1011 923 (ι
1026 843 1340 922 19—128).
1374 846 1530 902 Tum
1553 852 1729 916 poeta
1757 842 1966 898 acerbe
1985 841 2249 918 increpat
2267 838 2526 898 inimici-

368 940 511 997 tiam
531 951 592 997 et
613 939 846 1010 odium,
870 938 1034 1016 quod
1053 939 1191 999 ferae
1217 957 1343 996 non
1366 937 1481 994 nisi
1500 937 1566 992 in
1582 935 1779 1011 dispar
1805 953 1987 1012 genus
2002 975 2021 1006 ,
2041 935 2304 993 homiues
2333 944 2526 992 autem

367 1033 431 1089 in
459 1051 521 1090 se
547 1032 705 1108 ipsos
730 1042 962 1110 gerant,
1013 1031 1293 1108 quodque
1327 1047 1572 1105 prorsus
1611 1028 1974 1085 contrarium
2006 1027 2082 1084 sit
2111 1040 2330 1085 naturae
2349 1067 2368 1098 ‚
2397 1045 2526 1102 quae

354 1125 623 1184 ,humano
652 1124 853 1202 generi
873 1122 1213 1198 mollissima
1229 1121 1461 1180 dederit
1483 1120 1664 1178 corda
1683 1160 1702 1191 ,
1730 1129 1788 1176 et
1810 1120 2018 1177 ceteris
2045 1119 2421 1177 animalibus:

614 1247 830 1295 Tantum
849 1246 1037 1294 animas
1055 1279 1071 1304 ‚
1090 1243 1245 1293 nohis
1262 1241 1486 1290 animum
1504 1253 1732 1304 quoque,
1755 1248 1960 1288 mutuus
1977 1249 2036 1287 ut
2049 1255 2144 1288 nos

618 1332 841 1382 Affectus
859 1341 1029 1396 petere
1050 1329 1299 1380 auxilinm
1313 1337 1363 1376 et
1380 1335 1612 1392 praestare
1629 1322 1839 1384 juberet.

372 1436 807 1517 (ιη-174)

638 1695 1109 1822 SATIRAE
1179 1731 1694 1824 DECIMAE
1759 1731 2262 1846 QUINTAE

1246 1893 1664 1970 Anam-sm.

453 2079 542 2136 Ex
572 2079 685 2137 hoc
708 2087 1055 2154 argumento
1076 2077 1457 2155 intelligitur,
1492 2088 1682 2153 poetae
1709 2077 2016 2136 consilium
2041 2092 2168 2134 non
2197 2093 2268 2134 eo
2293 2077 2528 2154 potissi-

372 2173 581 2230 simum
615 2183 929 2248 spectasse,
968 2181 1037 2228 ut
1076 2173 1421 2250 religionem
1458 2171 1554 2227 vel
1603 2171 2076 2248 superstitionem
2112 2172 2526 2248 AEgyptiorum

375 2263 671 2322 derideret
696 2261 793 2340 (dc
815 2281 929 2339 qua
954 2263 1075 2322 vid.
1090 2265 1166 2322 ad
1180 2283 1266 2322 vs.
1294 2281 1330 2322 ει
1344 2264 1398 2342 ),
1431 2264 1536 2321 sed
1555 2272 1623 2320 ut
1642 2264 1858 2342 insigni
1874 2263 2208 2322 ostenderet
2226 2265 2525 2340 exemplo,

372 2357 703 2415 diversitate
720 2355 1020 2434 religionis
1034 2357 1207 2432 hujus
1222 2357 1432 2434 populi
1447 2355 1799 2433 inexpiabile
1821 2377 2266 2434 nonnumquam
2285 2357 2490 2415 odium
2499 2399 2521 2426 ,

372 2458 431 2504 et
466 2447 785 2507 inauditam
828 2449 1315 2506 inhumanitatem
1350 2449 1533 2526 gigni.
1579 2451 1652 2507 In
1691 2450 1814 2528 ipsa
1851 2452 2042 2510 Satira
2077 2449 2176 2527 (in
2217 2451 2420 2526 primis
2463 2449 2528 2506 in

370 2553 667 2618 postrema
691 2543 815 2617 ejus
834 2553 998 2619 parte
1014 2561 1099 2602 vs.
1130 2561 1357 2621 129—1
1370 2545 1480 2622 74)
1499 2563 1707 2622 magua
1731 2556 1818 2603 est
1835 2545 2118 2603 orationis
2133 2545 2223 2602 vis
2245 2565 2312 2601 ac
2334 2544 2498 2621 gravi
2512 2576 2528 2586 ·

372 2647 479 2706 tas,
502 2635 589 2692 rei
604 2634 1140 2693 convenientissima
1156 2655 1175 2707 ;
1194 2653 1325 2710 quae
1342 2645 1540 2694 tamen
1555 2637 1765 2714 passim
1779 2678 1796 2708 ,
1813 2636 2096 2694 ubilocus
2119 2646 2233 2707 cst,
2255 2633 2529 2692 admixtis

372 2725 592 2783 facetiis
623 2736 997 2802 temperatur.
1020 2757 1103 2770 —
1132 2727 1503 2786 Achaim-ins
1528 2729 1652 2785 haec
1681 2729 1833 2786 bene
1861 2727 2163 2784 adnotavit
2193 2748 2208 2784 :
2236 2749 2262 2778 α
2281 2725 2530 2784 Inferius

377 2830 571 2876 tamen
599 2819 714 2876 hoc
741 2837 887 2894 opus
905 2819 1111 2877 ceteris
1138 2818 1398 2894 ejusdem
1418 2818 1672 2877 auctoris
1692 2816 1952 2890 videtur3
1977 2818 2140 2894 quod
2165 2836 2289 2875 non
2313 2816 2530 2874 mirum

374 2923 462 2972 cst
482 2937 497 2973 z
514 2932 652 2971 nam
669 2923 728 2970 et
742 2932 918 2971 senex
936 2913 1254 2972 admodum
1274 2924 1400 2971 erat
1413 2955 1432 2985 ,
1463 2924 1523 2972 et
1549 2932 1674 2970 rem
1694 2913 1974 2971 Romanis
1991 2911 2307 2969 inauditam
2328 2931 2528 2969 narra-

372 3007 491 3064 bat.
520 3007 659 3064 Nou
676 3025 741 3064 ea
762 3006 917 3063 bella
938 3005 1177 3063 infanda
1197 3016 1473 3076 noverat,
1496 3024 1626 3080 quae
1643 3005 1814 3063 furor
1833 3004 2136 3081 reIIgiosus
2157 3005 2530 3080 sequentibus

376 3098 510 3154 aevis
527 3097 827 3174 produxit.
851 3097 1014 3168 Quid
1042 3097 1091 3154 si
1114 3097 1437 3154 Mahumeti
1458 3097 1772 3152 fanaticum
1801 3095 2074 3153 ardorem
2093 3097 2332 3154 vidisset
2363 3117 2530 3154 eum—

377 3190 623 3266 demque
641 3208 818 3247 manu
839 3189 1041 3246 dextra
1061 3187 1319 3266 gladium
1342 3197 1696 3266 gestantem,
1731 3188 2026 3244 Coranum
2052 3189 2274 3246 altera?
2304 3188 2466 3262 Quid
2483 3189 2534 3245 si

378 3281 838 3340 Christianorum
858 3291 1054 3338 sancta
1068 3281 1221 3336 bella
1235 3282 1345 3337 sub
1362 3279 1550 3338 crucis
1565 3279 1783 3337 vexillo
1796 3291 2056 3356 suscepta
2072 3323 2089 3352 ,
2102 3285 2187 3338 les
2200 3281 2487 3337 croi-mdes
2497 3283 2531 3334 ι)

376 3372 538 3452 Quid
556 3373 607 3430 si
629 3373 1043 3450 Albigensibus
1061 3390 1239 3449 rogos
1255 3371 1564 3430 accensos?
1588 3371 1832 3430 Lutheri
1853 3381 1912 3429 et
1929 3371 2156 3429 Calvini
2180 3383 2528 3430 sectatorum

375 3475 435 3520 et
453 3465 889 3523 catholicorum
918 3464 1148 3523 furores
1170 3483 1363 3522 sacros
1378 3463 1407 3521 i·
1438 3465 1578 3522 Non
1605 3463 1760 3539 juste
1787 3463 1980 3522 minus
2005 3465 2370 3523 exclamasset

690 3581 1007 3648 Adspicimus
1022 3581 1237 3647 populo·
1260 3617 1279 3642 ,
1296 3598 1512 3648 quorum
1535 3555 1644 3634 non
1665 3581 1852 3633 sufficit
1865 3583 1950 3632 ire

698 3664 951 3714 Oom'diuo
974 3664 1209 3729 aliquem.
1223 3699 1263 3716 ..
1276 3700 1292 3714 .

376 3769 499 3827 Sed
540 3787 645 3826 cur
684 3789 750 3828 ea
794 3789 1247 3830 commemorem
1266 3772 1293 3828 P
1336 3773 1469 3830 Jam
1506 3791 1633 3831 non
1665 3772 1777 3830 sub
1815 3771 2002 3830 crucis
2035 3770 2254 3830 vexillo
2285 3771 2436 3830 bella
2469 3783 2530 3831 et

378 3875 597 3940 strages
618 3875 756 3922 sunt
781 3865 1145 3924 inchoandae.
1176 3865 1564 3924 Humanitatis
1589 3865 1768 3942 ipsius
1795 3877 1856 3923 et
1885 3865 2264 3942 philosophiae
2294 3866 2530 3926 nomine

384 3956 580 4036 (quod
601 3977 727 4016 non
752 3960 945 4018 minus
961 3979 1206 4033 saevum,
1231 3971 1293 4017 at
1312 3957 1628 4019 ridiculum
1651 3959 1832 4037 magis
1854 3971 1914 4014 et
1931 3959 2117 4016 multo
2141 3960 2333 4017 minus
2350 3979 2530 4018 excu-

385 4049 665 4128 sandum)
692 4070 851 4108 arma
877 4063 1283 4127 capessuntur‚
1312 4070 1496 4130 regna
1528 4061 1589 4108 et
1619 4049 1864 4125 imperia
1881 4061 2198 4120 corruunt,
2224 4052 2398 4108 urbes
2433 4051 2528 4107 di-

385 4151 661 4215 ruuntur,
680 4143 808 4222 agri
826 4155 1123 4204 vastantur
1142 4143 1523 4220 hominesque
1547 4141 1932 4201 trucidantur.
1967 4141 2066 4202 Sic
2087 4143 2249 4199 omni
2271 4153 2534 4219 tempore
