3050 4884
531 383 655 448 302
1074 384 1157 447 D.
1215 381 1493 444 JUNII
1549 380 2114 448 JUVENALIS

627 499 868 569 Mitem
892 499 1225 583 animum,
1256 511 1323 564 et
1348 521 1569 565 mores
1593 495 1876 566 modicis
1900 500 2238 568 erroribus
2259 525 2484 594 oequos
2607 514 2666 568 ιε

529 610 876 706 Praecipit,
913 623 1111 702 atque
1140 607 1398 676 animas
1430 631 1778 678 servorum
1813 621 1880 676 et
1913 633 2202 702 corpora
2225 625 2457 680 nostra

530 721 811 789 Materia
841 732 1143 788 constare
1174 731 1367 811 putat
1401 715 1804 811 paribusque
1839 715 2234 788 elementis?

530 835 638 900 An
674 831 903 900 saevire
938 827 1135 896 docet
1163 825 1464 911 Rutilus,
1502 827 1621 918 qui
1660 825 1906 919 gaudet
1941 829 2186 898 acerbo

532 938 887 1032 Plagarum
918 936 1229 1030 strepitu,
1264 949 1331 1003 et
1362 931 1616 1002 nullam
1645 935 1884 1005 Sirena
1913 935 2188 1031 flagellis

531 1049 926 1141 Comparat,
964 1045 1415 1139 Anthiphates
1440 1044 1684 1137 trepidi
1715 1041 1872 1113 laris
1902 1069 1983 1113 ac
2011 1043 2495 1141 PolyphemuS,
2609 1077 2673 1110 20

530 1159 706 1225 Tum
742 1153 932 1242 felix,
962 1155 1221 1250 quoties
1258 1152 1493 1248 aliquis
1527 1167 1786 1224 tortore
1813 1169 2057 1224 vocato

532 1267 774 1334 Uritur
802 1264 1067 1334 ardenti
1102 1263 1239 1332 duo
1274 1276 1554 1358 propter
1589 1260 1794 1332 lintea
1827 1262 2064 1334 ferro?

531 1373 719 1460 Quid
753 1373 987 1443 suadet
1010 1373 1249 1466 juveni
1275 1371 1461 1442 laetus
1490 1372 1780 1442 stridore
1807 1389 2092 1462 catenae,

531 1483 757 1570 Quem
786 1482 957 1550 mire
982 1480 1293 1551 afficiunt
1320 1483 1644 1578 inscripta
1677 1481 2037 1578 ergastula,
2071 1509 2300 1554 carcer

535 1589 893 1660 Rusticus?
931 1604 1311 1686 exspectaS‚
1346 1605 1422 1660 ut
1448 1615 1592 1660 non
1617 1592 1704 1660 sit
1729 1590 2030 1662 adultera
2053 1595 2290 1689 Largae
2609 1610 2673 1664 25

535 1699 731 1787 Filia,
768 1725 917 1795 quae
948 1724 1321 1794 numquam
1356 1715 1694 1770 maternos
1731 1701 1955 1770 dicere
1990 1703 2290 1776 moechos

535 1812 701 1878 Tam
739 1811 874 1879 cito
912 1835 1038 1879 nec
1078 1823 1265 1880 tanto
1298 1811 1548 1904 poterit
1579 1826 1926 1882 contexere
1957 1839 2192 1902 cursu,

538 1920 638 1989 Ut
665 1943 804 1988 non
834 1935 935 1989 ter
966 1921 1187 1992 decies
1217 1921 1542 2018 respiret?
1579 1926 1846 1997 conscia
1877 1927 2075 1996 matri

536 2031 751 2125 Virgo
778 2029 942 2118 fuit;
970 2055 1152 2100 ceras
1179 2056 1364 2102 nunc
1392 2032 1521 2102 hac
1553 2033 1849 2104 dictante
1881 2032 2149 2128 pusillas

537 2138 817 2234 Implet,
852 2154 922 2209 et
946 2140 1030 2208 ad
1061 2141 1361 2212 moechos
1388 2142 1505 2212 dat
1536 2141 1790 2215 eisdem
1813 2143 1990 2214 ferre
2021 2144 2308 2217 cinaedis.
2611 2161 2681 2212 3ο

540 2251 654 2320 Sic
682 2263 922 2318 natura
941 2251 1139 2346 jubet
1170 2277 1185 2322 :
1228 2251 1523 2322 velocius
1555 2268 1622 2323 et
1650 2255 1848 2324 citius
1877 2279 2004 2322 nos

542 2359 1010 2456 Corrumpunt
1042 2361 1364 2434 vitiorum
1401 2361 1708 2457 exempla
1739 2361 2142 2448 domestica,
2180 2360 2436 2452 maguis

624 2539 714 2597 15.
756 2541 1094 2617 Praecipitne
1124 2543 1354 2600 Rutilus
1394 2544 1598 2600 mitem
1634 2543 1891 2600 animum
1926 2543 2171 2611 habere,
2208 2552 2270 2596 et
2305 2558 2442 2614 erga
2474 2541 2681 2598 leviter

539 2643 728 2689 errata
752 2634 1085 2690 lenitatem?
1128 2638 1372 2690 Putatne
1397 2653 1704 2690 servornm
1733 2644 1954 2690 mentes
1980 2644 2041 2690 et
2066 2651 2313 2708 corpora
2343 2652 2410 2690 ea
2435 2653 2546 2708 qua
2576 2653 2685 2692 nos

539 2725 777 2783 materia
792 2767 810 2798 ,
842 2726 912 2782 iis
929 2767 946 2797 ,
993 2726 1204 2801 quibus
1244 2745 1382 2798 nos,
1422 2725 1723 2801 principiis
1753 2727 2050 2783 constare?
2095 2731 2188 2784 An
2223 2727 2396 2784 docet
2427 2727 2684 2785 crudeli-

544 2829 717 2875 tatem
731 2859 749 2889 ,
777 2835 956 2893 quum
982 2817 1307 2874 delectetur
1324 2818 1535 2874 acerbo
1561 2818 1759 2873 sonitu
1782 2819 2087 2894 plagarum
2109 2837 2174 2875 ac
2197 2819 2391 2876 nullos
2401 2861 2422 2890 ,
2449 2830 2506 2876 et
2529 2820 2688 2878 Sire-

543 2929 685 2968 num
726 2921 927 2968 cantus
964 2907 1206 2984 flagellis
1240 2909 1645 2967 resonantibus
1679 2909 1972 2967 dulciores
1995 2911 2220 2979 credat,
2251 2930 2440 2968 novus
2469 2912 2534 2967 i'n
2572 2922 2690 2968 tre-

544 3003 683 3077 pida
710 3003 887 3058 domo
920 3002 1264 3077 Antiphates
1294 3013 1355 3060 et
1382 3003 1812 3077 Polyphemus?
1854 3005 2010 3060 Tum
2035 3003 2174 3059 felix
2207 3014 2295 3059 est
2329 3003 2465 3075 iste,
2505 3021 2688 3078 quum

541 3094 750 3171 aliquis
775 3111 976 3152 servus
995 3135 1014 3165 ,
1055 3105 1265 3152 vocato
1300 3091 1604 3164 carnifice,
1647 3094 1906 3152 inuritur
1946 3095 2138 3152 ferrea
2185 3095 2394 3151 lamina
2429 3095 2687 3166 ardenti,

470 3198 476 3206 '
544 3187 625 3244 ob
668 3187 789 3244 duo
832 3185 1009 3244 lintea
1062 3186 1285 3244 amissa.
1341 3187 1507 3254 Quos
1557 3203 1754 3244 sensns
1799 3185 2004 3260 juveni
2046 3185 2286 3242 cuilibet
2329 3187 2589 3260 suggerit
2641 3187 2690 3242 is

546 3279 649 3355 qui
688 3277 941 3339 stridore
982 3289 1315 3336 catenarum
1349 3277 1604 3349 laetatur,
1637 3295 1812 3352 quem
1842 3279 2012 3334 valde
2041 3278 2208 3352 juvat
2240 3293 2442 3332 ‚servos
2475 3275 2690 3333 habere

544 3372 609 3430 in
636 3371 834 3428 fronte
858 3379 1091 3428 notatos
1105 3409 1125 3440 ,
1154 3380 1216 3426 et
1248 3387 1387 3426 rnre
1414 3387 1673 3428 carceres
1689 3369 1716 3424 i‘
1741 3375 1840 3428 An
1872 3387 2067 3444 speras
2095 3367 2224 3426 fore
2243 3378 2314 3423 ut
2337 3369 2542 3444 Larga
2565 3366 2690 3425 filia

545 3483 667 3520 non
690 3462 765 3520 sit
793 3461 1081 3520 adulterio
1105 3459 1331 3531 dedita,
1362 3479 1493 3535 quo
1518 3475 1820 3536 nunquam
1841 3461 2082 3516 nemim
2101 3459 2462 3518 moechorum
2489 3461 2692 3517 matris

546 3553 693 3612 adeo
720 3553 1004 3612 velociter
1034 3552 1277 3614 recitate
1307 3551 1527 3627 poterit
1561 3564 1621 3610 et
1645 3564 1802 3610 tanta
1827 3552 2224 3625 festinatione,
2263 3563 2328 3610 ut
2353 3572 2478 3610 non
2499 3551 2694 3610 tricies

547 3646 865 3710 anhelitum
880 3647 1158 3722 recipiat?
1176 3648 1221 3702 F
1224 3645 1558 3723 lagitiorum
1575 3646 1774 3704 matris
1793 3647 2022 3703 conscia
2033 3647 2171 3718 fuit,
2191 3646 2335 3704 dnm
2349 3646 2521 3722 virgo
2540 3656 2666 3702 erat
2677 3667 2694 3702 t

548 3759 732 3812 nunc,
772 3754 959 3802 matre
992 3743 1207 3819 stylum
1244 3740 1522 3811 docente,
1563 3739 1756 3797 literas
1793 3739 2099 3798 amatorias
2133 3739 2366 3812 scribit,
2403 3757 2546 3814 quaa
2589 3757 2696 3814 per

549 3833 783 3892 eosdem
798 3875 819 3904 ,
846 3853 955 3909 per
982 3850 1133 3910 quoa
1160 3843 1365 3903 mater,
1394 3831 1634 3890 lenones
1656 3831 1732 3888 ad
1760 3830 2056 3888 adulteros
2086 3831 2354 3889 ferendas
2375 3841 2558 3888 curat.
2599 3829 2704 3886 Sie

550 3945 587 3980 a
610 3935 818 3982 namra
838 3923 1159 3999 comparati
1174 3943 1405 3994 sumus,
1430 3935 1501 3982 ut
1522 3925 1800 4000 exemplis
1827 3922 2156 3982 domesticis
2174 3923 2456 3982 vitiorum
2475 3922 2697 3980 facilins

555 4021 741 4079 multo
764 4028 824 4074 et
842 4017 1085 4076 celerius
1100 4059 1117 4089 ,
1139 4036 1315 4092 quam
1338 4017 1592 4076 externis
1615 4029 1674 4074 et
1691 4014 2016 4093 peregrinis
2039 4016 2444 4091 depravamur,
2461 4031 2700 4093 praser-

555 4109 660 4168 tim
692 4129 873 4188 quum
896 4107 1344 4185 proficiscuntur
1377 4110 1451 4168 ab
1481 4110 1845 4183 hominibus,
1882 4127 2136 4187 quorum
2161 4108 2472 4168 auctoritas
2505 4103 2698 4182 magni
