3050 4884
514 362 643 428 306
1089 362 1170 424 Ι).
1218 357 1481 422 JUNII
1528 354 2072 420 JUVENALIS

508 477 715 546 Nunc
746 475 1175 546 Praenestinis
1210 475 1281 542 in
1312 471 1688 554 montibuS,
1723 468 1854 538 alta
1884 469 2160 562 parabat

509 586 822 657 Culmina
850 585 1195 672 villarum,
1234 584 1495 653 Groecis
1530 580 1862 674 longeque
1889 579 2112 673 petitis

509 699 999 783 Marmoribus‚
1027 696 1316 765 vincens
1342 697 1664 763 Fortunae
1693 705 1894 784 atque
1920 686 2230 758 Herculis
2253 687 2458 758 aedem
2479 739 2498 774 ‚
2607 719 2676 769 90

506 810 607 879 Ut
632 808 843 904 spado
870 807 1186 878 vincebat
1212 802 1552 899 Capitolia
1583 816 1816 870 nostra
1843 800 2142 870 Posides·

506 921 690 990 Dum
722 921 818 990 sic
846 944 1010 1013 ergo
1037 918 1297 987 habitat
1322 914 1716 999 Ceti-onius,
1753 910 2098 980 imminuit
2122 933 2294 996 rem,

378 1008 390 1024 ⁴
506 1029 737 1123 Fregit
768 1053 974 1123 opes;
1006 1052 1136 1098 nec
1166 1049 1377 1121 parva
1404 1039 1632 1094 tamen
1663 1045 1979 1092 mensura
2011 1019 2253 1090 relictae

505 1143 719 1210 Partis
758 1155 900 1210 erat
936 1167 953 1209 ε
993 1154 1203 1210 totam
1234 1139 1415 1208 hanc
1446 1134 1746 1206 turbavit
1783 1131 1961 1202 filius
1997 1157 2259 1218 amens,

502 1252 686 1319 Dum
714 1247 989 1320 meliore
1018 1273 1229 1318 novas
1256 1244 1507 1318 attollit
1533 1267 1872 1314 marmore
1899 1240 2110 1314 villas.
2595 1258 2661 1326 95

599 1357 893 1448 Quidam
920 1358 1140 1427 sortiti
1175 1370 1593 1426 metuentem
1631 1353 1905 1424 sabbata
1939 1368 2198 1446 patrem
2217 1405 2237 1438 ‚

502 1467 619 1539 Nil
658 1484 897 1562 praeter
933 1468 1145 1536 nubes
1184 1481 1253 1535 et
1286 1463 1433 1536 caeli
1472 1491 1726 1534 numen
1761 1463 2086 1548 adorant,

502 1581 652 1650 Nec
687 1578 933 1648 distare
968 1590 1213 1671 putant
1245 1577 1548 1644 humana
1584 1599 1790 1644 oerne
1827 1571 2128 1660 suillam,

500 1688 659 1776 Qua
689 1702 879 1781 pater
911 1685 1272 1772 abstinuit3
1306 1709 1467 1754 mox
1503 1699 1574 1752 et
1606 1684 1937 1778 praeputia
1973 1696 2284 1776 ponunt:

504 1800 842 1865 Romanas
872 1810 1099 1864 autem
1130 1792 1310 1863 soliti
1340 1807 1774 1864 contemnere
1801 1791 1978 1888 leges
1995 1845 2017 1876 ‚
2567 1823 2668 1856 100

502 1908 541 1972 J
546 1906 860 1974 udaicum
892 1903 1239 1989 ediscunt,
1272 1919 1342 1973 et
1370 1919 1679 1989 servant,
1717 1929 1798 1974 ac
1833 1917 2151 1972 metuunt
2179 1903 2328 1995 jus,

504 2016 812 2085 Tradidit
844 2041 1091 2086 arcano
1121 2013 1601 2110 quodcumque
1634 2014 1982 2084 volumine
2005 2016 2270 2099 Moses;

506 2128 668 2195 Non
702 2139 1077 2194 monstrare
1104 2124 1281 2209 vias,
1316 2123 1552 2191 eadem
1584 2121 1716 2190 nisi
1743 2146 1934 2190 sacra
1961 2119 2240 2208 colenti;

506 2236 884 2323 Quaesitum
912 2232 997 2302 ad
1031 2233 1290 2302 fontem
1316 2229 1496 2301 solos
1524 2229 1852 2302 deducene
1877 2255 2144 2324 ver-po&

504 2343 636 2414 Sed
667 2357 857 2437 pater
889 2344 960 2411 in
994 2366 1258 2428 caussa,
1290 2341 1402 2410 cui
1430 2339 1720 2434 septima
1747 2364 2032 2434 quaeque
2061 2338 2192 2408 fuit
2219 2337 2332 2408 lux
2559 2357 2664 2410 105

503 2455 788 2548 Ignava,
819 2466 887 2522 et
922 2465 1181 2546 partem
1208 2450 1362 2519 vitae
1390 2473 1534 2518 non
1561 2451 1783 2544 attigit
1804 2448 2034 2521 ullam.

504 2660 754 2718 excelsas
774 2697 792 2728 ,
832 2677 973 2734 quas
1008 2655 1287 2714 accersito
1321 2673 1355 2713 e
1390 2654 1614 2712 Graecia
1645 2663 1706 2712 et
1729 2653 2071 2732 longinquis
2105 2655 2224 2712 oris
2251 2671 2542 2711 marmore
2580 2655 2663 2710 sie

504 2751 778 2821 ornabat,
825 2761 893 2806 ut
932 2745 1425 2826 magnificentiam
1460 2746 1818 2820 templorum
1853 2745 2123 2804 Herculis
2151 2747 2542 2822 Fortunaeque
2575 2765 2664 2802 su-

503 2855 734 2923 peraret
749 2885 766 2916 ,
792 2841 943 2902 sicut
966 2842 1205 2900 Posides
1224 2840 1525 2898 eunuchus
1549 2838 1826 2914 Capitolii
1849 2839 2042 2898 nostri
2069 2839 2441 2914 splendorem
2468 2839 2663 2896 vince-

500 2937 619 2993 bat.
662 2938 792 2994 Hoc
831 2935 979 2992 luxu
1022 2933 1332 2992 Cetronins
1378 2951 1519 3008 opes
1559 2931 1906 3007 dilapidavit
1926 2974 1945 3005 ,
1987 2951 2240 3008 quarum
2285 2942 2481 2989 tamen
2528 2952 2664 3008 pars

499 3029 691 3086 adhuc
717 3045 841 3084 non
866 3025 1273 3101 adspernanda
1296 3035 1634 3098 supererat;
1661 3025 1810 3082 hanc
1833 3023 1954 3099 ejus
1981 3022 2136 3082 filins
2159 3033 2340 3082 totam
2367 3025 2629 3102 perdidit
2643 3065 2666 3098 ,

501 3120 645 3178 dum
666 3118 805 3176 alias
824 3117 1215 3192 praestantiori
1242 3135 1540 3175 marmore
1565 3117 1734 3176 villas
1765 3117 1960 3194 erigit.

578 3213 676 3288 96.
717 3211 1000 3270 Nonnulli
1030 3209 1229 3268 sortiti
1251 3219 1475 3285 patrem
1492 3209 1722 3267 sabbati
1737 3212 1776 3267 J
1778 3209 1970 3268 udaiei
1991 3209 2138 3268 ritus
2161 3207 2434 3285 religiose
2451 3220 2512 3268 et
2528 3228 2664 3270 cum

496 3316 661 3364 metu
678 3303 1083 3364 observantem
1098 3345 1119 3376 ,
1139 3303 1324 3362 nubes
1347 3314 1409 3361 et
1428 3304 1632 3361 caelum
1657 3313 1933 3380 tanquam
1958 3321 2176 3361 numen
2191 3301 2360 3358 unice
2377 3319 2668 3360 veneran-

496 3411 617 3468 tur,
634 3415 829 3473 neque
850 3395 1160 3454 discrimen
1176 3397 1364 3454 ullum
1384 3395 1542 3454 inter
1561 3397 1876 3454 humanam
1890 3415 2124 3454 carnem
2145 3405 2202 3454 et
2222 3393 2526 3470 porcinam
2547 3407 2662 3454 sta-

494 3501 701 3560 tuunt,
732 3507 915 3565 quum
946 3488 1053 3546 hae
1075 3498 1243 3562 pater
1268 3485 1645 3561 abstinuerim
1674 3506 1816 3546 mox
1840 3487 2120 3564 praeputia
2155 3486 2329 3544 etiam
2358 3486 2661 3546 circumci-

493 3581 667 3642 dunt:
686 3579 863 3639 iidem
881 3581 1284 3638 Romanorum
1296 3578 1455 3655 leges
1474 3591 1851 3640 contemnere
1869 3579 2081 3638 assueti
2095 3621 2113 3650 ,
2131 3577 2394 3636 instituta
2411 3599 2663 3656 quaeque

492 3679 527 3733 J
530 3675 705 3734 udaeis
717 3694 752 3731 a
766 3677 935 3733 Mose
956 3674 1021 3730 in
1036 3671 1439 3734 voluminibus
1456 3693 1824 3750 nequaquam
1839 3673 2090 3751 vulgatis
2109 3671 2350 3744 tradita,
2363 3673 2660 3731 memoriae

491 3768 803 3843 diligenter
834 3765 1145 3838 mandant,
1178 3785 1245 3823 ae
1284 3785 1509 3823 summa
1539 3767 1826 3844 religione
1853 3766 2209 3824 custodiunt.
2241 3765 2450 3824 Solent
2476 3786 2654 3824 mon-

490 3869 676 3916 strare
698 3857 852 3916 viam
883 3858 1135 3929 nemini,
1169 3858 1283 3916 nisi
1306 3859 1509 3916 eadem
1541 3877 1702 3916 sacra
1731 3859 1976 3931 colenti,
2013 3871 2073 3918 et
2097 3857 2468 3918 circumcisos
2494 3860 2655 3917 solos

486 3949 563 4006 ad
590 3949 813 4007 sontem
832 3949 1135 4024 quaesitum
1157 3949 1475 4008 deducunt.
1496 3953 1704 4009 Caussa
1730 3962 1926 4008 autem
1946 3971 2053 4008 cur
2071 3951 2137 4010 id
2161 3950 2399 4022 faciant,
2427 3969 2460 4008 e
2481 3962 2652 4026 patre

486 4041 877 4120 proficiscitur
894 4081 911 4111 ,
957 4042 1062 4118 qui
1097 4043 1400 4118 septimam
1438 4043 1596 4102 diem
1636 4043 1942 4118 cujuslibet
1987 4043 2367 4104 hebdomada
2410 4043 2647 4100 feriatus

488 4131 845 4212 transigebat
862 4133 928 4192 in
944 4133 1070 4192 otio
1083 4176 1103 4208 ,
1122 4146 1183 4192 et
1196 4137 1271 4196 ab
1292 4137 1568 4196 omnibus
1583 4138 1908 4198 communis
1921 4138 2056 4198 vitae
2075 4137 2284 4198 officiis
2299 4135 2648 4196 abstinebat.
