3050 4884
427 396 2501 436 mmmmmmmm

404 672 1036 795 SATIRA
1094 680 1778 803 DECIMA
1841 687 2534 809 TERTIA.

1308 964 1644 981 *-

406 1184 776 1285 Exnm’m
808 1212 1285 1311 quodcumque
1320 1214 1497 1287 malo
1531 1219 1998 1311 committitur,
2031 1224 2162 1318 ipsi

405 1324 735 1419 Displicet
768 1326 1027 1394 auctori
1057 1350 1073 1395 ε
1114 1327 1330 1421 prima
1360 1344 1459 1398 est
1484 1328 1630 1401 haec
1653 1327 1858 1419 ultio,
1891 1332 2074 1425 quod
2106 1358 2178 1403 se

402 1434 640 1505 Judice
674 1452 875 1504 n'emo
904 1458 1159 1503 nocens
1196 1436 1591 1523 absolvitur,
1632 1439 1940 1529 improba
1969 1442 2276 1532 quamvis

406 1548 641 1617 Gratia
676 1544 895 1616 fallaci
932 1546 1237 1639 praetoris
1272 1546 1515 1614 vicerit
1549 1570 1742 1617 urna.

405 1654 587 1749 Quid
613 1655 865 1725 sentire
892 1668 1086 1749 putas
1113 1677 1377 1738 omnae,
1404 1650 1718 1741 Calvine,
1749 1658 2009 1727 recenti
2521 1680 2550 1733 ε

407 1766 511 1834 De
540 1750 790 1833 {celere
824 1778 893 1831 et
921 1762 1079 1833 fidei
1108 1759 1369 1831 violatae
1397 1760 1721 1831 crimine?
1747 1763 1862 1832 sed
1891 1790 2019 1835 nec

406 1878 569 1945 Tam
602 1876 823 1946 tenuis
852 1898 1093 1945 census
1121 1873 1243 1943 tihi
1274 1873 1592 1967 contigit,
1626 1889 1704 1942 ut
1728 1874 2090 1947 mediocris

406 1986 445 2054 J
448 1999 695 2054 acturae
729 1997 794 2052 te
823 1998 1084 2077 mergat
1117 2005 1321 2063 onus;
1360 2006 1485 2049 nec
1516 2005 1671 2051 rara
1697 1984 2036 2072 videmu8‚

407 2094 577 2183 Quae
613 2092 856 2187 pateris
885 2118 903 2162 ε
938 2116 1129 2159 casus
1158 2087 1386 2158 multis
1414 2088 1531 2159 hic
1567 2092 1916 2183 cognitus,
1947 2118 2026 2163 ac
2049 2092 2192 2186 jam

408 2208 665 2291 Trium,
696 2219 767 2273 et
793 2228 830 2272 e
856 2201 1078 2271 medio
1112 2204 1427 2269 Fortunae
1460 2199 1704 2269 ductus
1736 2225 2003 2272 acervo.
2092 2224 2098 2227 ·
2497 2244 2559 2280 10

410 2316 747 2385 Ponamus
776 2311 1017 2380 nimios
1045 2310 1374 2405 gemitus:
1414 2307 1806 2403 flagrantior
1831 2336 2024 2406 aequo

416 2426 577 2495 Non
614 2422 817 2493 debet
852 2418 1047 2489 dolor
1073 2443 1213 2487 esse
1240 2417 1399 2503 viri,
1434 2442 1560 2487 nec
1587 2417 1868 2489 vulnere
1895 2422 2132 2515 major.

411 2534 516 2602 Tu
545 2530 852 2625 quamvis
880 2528 1129 2598 levium
1160 2526 1509 2627 minimam
1543 2529 1984 2623 exiguamque
2010 2529 2341 2605 malorum

809 2714 1031 2761 unna
1076 2714 1319 2755 onoma
1363 2700 1599 2753 ’run-rm
1641 2716 2159 2756 mutum-Ano.

503 2835 555 2873 ι.
602 2816 909 2897 Quidquid
932 2825 1137 2871 contra
1168 2814 1323 2887 leges
1360 2822 1421 2866 et
1449 2812 1511 2867 in
1549 2813 1765 2869 malum
1801 2816 2130 2891 exemplum
2155 2819 2560 2896 committitur,

416 2904 504 2962 illi
522 2947 540 2977 ,
568 2924 609 2965 a
650 2922 770 2979 quo
806 2902 1117 2960 admissum
1154 2913 1267 2973 est,
1313 2901 1580 2958 dolorem
1615 2924 1680 2960 ac
1716 2905 2003 2979 pudorem
2042 2908 2268 2967 incutit.
2305 2914 2564 2973 Primum

416 2998 533 3055 hoc
568 2996 913 3072 supplicium
944 2996 1023 3052 ob
1063 3012 1165 3051 sua
1201 2990 1413 3070 flagitia
1456 2995 1784 3069 rependunt
1819 3000 2114 3069 scelerati,
2163 3012 2230 3059 ut
2267 3005 2414 3063 nulli
2455 3028 2563 3068 suo
2675 3004 2682 3016 '

418 3089 675 3165 ipsorum
696 3088 920 3161 judicio
942 3099 1001 3144 et
1027 3086 1379 3143 couscientia
1403 3105 1525 3143 uon
1557 3088 2018 3148 condemnentur
2031 3134 2050 3161 ‚
2083 3091 2218 3151 licet
2240 3094 2440 3173 iniqua
2467 3099 2565 3174 jn-

420 3182 565 3241 dicis
590 3182 871 3239 sententia
888 3192 953 3245 ,et
973 3181 1237 3256 corrupti
1264 3180 1521 3257 suffragii
1544 3199 1688 3237 urna
1707 3181 1822 3239 sint
1847 3184 2112 3241 absoluti.
2143 3186 2312 3244 Illum
2341 3201 2562 3265 autem,

419 3275 522 3351 qui
544 3274 867 3350 depositam
884 3272 1041 3349 apud
1058 3292 1119 3329 se
1136 3272 1439 3348 pecuniam
1454 3314 1471 3341 ‚
1491 3284 1551 3329 et
1569 3291 1686 3329 suae
1707 3270 1844 3331 fidei
1861 3294 1894 3329 a
1918 3284 1974 3332 te
1987 3316 2004 3345 ,
2029 3277 2268 3335 Calvino
2281 3320 2301 3350 ,
2325 3299 2566 3341 concre-

418 3367 598 3425 dium
632 3386 740 3444 per
776 3366 1087 3423 immanem
1124 3363 1425 3441 perfidiam
1464 3383 1654 3440 nuper
1688 3364 2011 3437 abjuravit,
2051 3386 2248 3426 nonne
2287 3370 2450 3428 vides
2488 3376 2563 3432 ab

418 3461 687 3518 omnibus
712 3458 885 3517 etiam
910 3458 1283 3517 condemnari
1306 3499 1323 3523 ,
1350 3468 1624 3533 tanquam
1646 3456 1946 3531 perjurum
1969 3470 2027 3516 et
2045 3460 2326 3535 impium?
2353 3464 2560 3540 Neque

420 3574 565 3615 vero
616 3566 703 3613 αἱ
746 3554 891 3611 adeo
941 3553 1050 3609 tibi
1093 3563 1333 3627 augusta
1376 3572 1467 3609 res
1516 3551 1852 3623 familiaris,
1899 3565 1964 3609 ut
2006 3554 2118 3609 levi
2159 3555 2280 3627 ejus
2329 3561 2557 3633 generis

414 3646 636 3721 jactura
660 3646 989 3721 damnoque
1014 3661 1199 3721 parvo
1218 3644 1293 3701 sis
1327 3643 1403 3700 ad
1428 3653 1737 3720 egestatem
1761 3644 2142 3719 redigendus:
2167 3664 2356 3722 neque
2376 3650 2563 3709 infre-

423 3756 607 3813 quens
646 3738 795 3795 illud
840 3735 1227 3793 infortunium
1270 3747 1437 3823 tuum
1471 3746 1592 3804 est,
1636 3734 1738 3791 sed
1787 3736 1980 3792 multis
2020 3738 2254 3795 evenire
2292 3741 2564 3816 solitum,

426 3848 489 3885 nc
524 3842 819 3907 sumptum
856 3848 889 3886 e
926 3830 1123 3887 medio
1166 3828 1353 3885 veluti
1392 3842 1606 3884 acervo
1645 3826 2063 3899 calamitatum,
2109 3830 2319 3905 quibus
2358 3853 2568 3893 vexare

424 3924 699 3979 mortales
744 3922 1008 3997 quotidie
1056 3923 1315 3978 Fortuna
1366 3922 1532 3979 solet.
1575 3922 1777 3994 Itaque
1822 3923 1946 3978 noli
1994 3924 2124 3998 plus
2159 3943 2326 3998 aequo
2371 3926 2570 3985 indul-

424 4032 563 4091 gere
600 4013 877 4081 moerori;
911 4014 1091 4072 homo
1126 4014 1323 4090 gravis
1358 4024 1416 4070 et
1444 4023 1712 4071 constans
1742 4012 1912 4086 dejici
1947 4008 2154 4073 dolore
2192 4035 2314 4074 uon
2358 4018 2573 4091 debet,

422 4122 531 4166 nec
557 4105 982 4259 velh'ementius‚
1012 4123 1184 4183 quam
1204 4124 1295 4163 res
1322 4105 1445 4185 ipsa
1470 4115 1702 4182 poscat,
1737 4102 2016 4166 afflictari.
2046 4106 2267 4165 Pudeat
2290 4120 2380 4183 te,
2409 4112 2566 4186 quod

686 4238 704 4255 .
2229 4198 2308 4262 16
