3050 4884
492 399 621 482 314
915 437 921 446 -
1066 403 1149 465 D.
1196 397 1460 465 mnu
1506 396 2056 463 JUVENALIS

484 522 575 589 Et
608 518 775 589 laevo
808 521 1071 588 monitu
1102 541 1349 613 pueros
1388 513 1704 610 producit
1730 525 1967 584 avaros
1987 567 2006 601 ,

484 625 623 698 *Et
658 629 775 724 qui
812 654 937 724 per
964 627 1235 697 fraudes
1267 624 1674 721 patrimonia
1711 622 2192 717 conduplicare

486 739 622 806 Dat
653 736 1061 824 libertatem,
1095 751 1164 805 et
1188 749 1361 805 totas
1392 733 1684 804 effundit
1715 735 2012 804 habenas
2535 751 2638 802 230

487 843 845 917 Curriculo
876 873 891 915 ε
928 869 1131 941 quem
1164 845 1219 914 si
1250 867 1561 930 revoces,
1593 844 1952 914 subsistere
1978 846 2224 932 nescit,

487 957 579 1027 Et
604 971 669 1026 te
700 971 1042 1027 contemto
1074 957 1361 1052 rapitur,
1401 956 1730 1048 metisque
1763 955 2036 1026 relictis.

487 1069 706 1140 Nemo
740 1070 897 1139 satis
924 1069 1139 1138 credit
1164 1081 1427 1138 tantum
1452 1063 1851 1158 delinquere
1867 1119 1887 1153 ,
1915 1081 2243 1161 quantum

487 1179 841 1248 Permittas
871 1201 889 1246 t
927 1179 1095 1248 adeo
1122 1174 1475 1271 indulgent
1504 1175 1643 1244 sibi·
1661 1173 1858 1244 latius
1886 1175 2052 1271 ipsi!

582 1289 815 1378 Quum
846 1289 1013 1358 dicis
1038 1287 1311 1383 juveni,
1344 1283 1661 1372 stultum,
1693 1285 1810 1378 qui
1837 1283 2052 1356 donet
2073 1289 2327 1373 amico,
2537 1297 2634 1348 235

485 1399 627 1488 Qui
665 1413 1129 1494 paupertatem
1159 1396 1339 1467 levet
1372 1394 1770 1490 attollatque
1802 1396 2211 1490 propinqui;

485 1513 576 1578 Et
600 1505 887 1604 spoliare
914 1509 1145 1595 doceS,
1177 1521 1247 1577 et
1275 1506 1858 1594 circumscribere,
1889 1521 1958 1575 et
1991 1507 2178 1575 omni

486 1618 787 1688 Crimine
810 1618 1075 1687 divitias
1100 1616 1482 1710 acquirere,
1526 1639 1816 1711 quarum
1847 1640 2040 1685 amor
2067 1618 2138 1684 in
2165 1629 2263 1700 te,

486 1727 801 1816 Quantus
837 1741 981 1796 erat
1013 1727 1249 1822 patriae
1276 1728 1647 1796 Deciorum
1681 1729 1753 1796 in
1787 1743 2096 1823 pectore,
2133 1741 2460 1821 quantum

488 1832 744 1906 Dilexit
772 1836 1069 1924 Thebas,
1104 1836 1161 1906 si
1192 1837 1459 1906 Graecia
1486 1859 1680 1923 vera,
1715 1838 2104 1906 Menoeceus
2132 1863 2148 1905 :
2546 1855 2646 1910 2250

490 1952 575 2019 In
606 1975 899 2044 quorum
928 1947 1128 2020 sulcis
1153 1947 1445 2045 legiones
1477 1950 1802 2030 dentibus
1831 1952 2070 2045 anguis

490 2062 665 2130 Cum
700 2058 953 2155 clypeis
985 2074 1378 2148 nascuntur,
1414 2074 1481 2130 et
1514 2059 1794 2130 horrida
1828 2059 2002 2130 bella
2029 2071 2390 2153 capessunt

486 2171 872 2256 Continuo,
913 2163 1254 2264 tamquam
1287 2185 1357 2239 et
1390 2171 1664 2242 tubicen
1701 2171 2070 2240 surrexerit
2099 2194 2254 2239 una.

490 2279 675 2374 Ergo
708 2279 966 2372 ignem,
1002 2279 1196 2372 cujus
1230 2278 1549 2350 scintillas
1575 2283 1720 2377 ipse
1748 2279 2030 2366 dedisti,

491 2385 916 2483 Flagrantem
950 2385 1081 2458 late
1106 2401 1176 2457 et
1204 2390 1586 2482 rapientem
1616 2404 1863 2460 cuncta
1887 2390 2169 2459 videbis,
2551 2401 2648 2465 245

490 2619 645 2678 illius
680 2619 919 2679 indolis.
962 2621 1112 2680 Nam
1150 2623 1505 2698 quicumque
1545 2639 1888 2699 magnarum
1929 2638 2110 2697 opum
2147 2617 2523 2695 cupiditatem
2557 2627 2650 2672 te-

490 2711 647 2771 neris
684 2713 1139 2772 adolescentium
1180 2711 1388 2771 animis
1424 2711 1672 2770 instillat
1691 2756 1709 2785 ,
1746 2713 1849 2788 qui
1882 2712 2126 2770 sinistris
2164 2709 2401 2769 monitis
2444 2709 2649 2767 sensim

490 2803 625 2862 illos
664 2805 741 2863 ad
766 2805 1065 2863 avaritiam
1104 2805 1405 2882 perducit,
1449 2805 1554 2882 qui
1589 2805 1882 2863 licentiam
1915 2804 2030 2863 illis
2071 2804 2208 2863 facit
2239 2803 2651 2881 amplificandae

490 2897 659 2953 malis
678 2895 900 2954 artibus
927 2897 1013 2955 rei
1043 2896 1367 2971 familiaris,
1392 2899 1492 2956 ille
1520 2897 1788 2956 similiter
1816 2897 1983 2970 facit,
2017 2918 2083 2956 ac
2108 2898 2156 2955 si
2183 2895 2431 2954 habenas
2455 2895 2654 2953 currui

488 2989 703 3047 liberas
743 2989 1000 3061 laxaret3
1043 2989 1101 3048 is
1136 2992 1293 3049 enim
1311 3034 1328 3064 ,
1378 2993 1487 3050 etsi
1535 2993 1931 3064 revocaveris,
1973 2991 2238 3050 cohiberi
2279 2989 2482 3066 nequit
2503 3031 2520 3061 ,
2566 2999 2655 3044 at-

494 3101 611 3160 que
625 3125 642 3155 ,
664 3083 862 3161 auriga
882 3096 1111 3161 spreta,
1130 3097 1307 3143 metas
1330 3085 1494 3161 equis
1519 3087 1798 3160 abreptus
1819 3085 2154 3162 longissime
2177 3082 2444 3142 transilit.
2469 3083 2652 3139 Nemo

494 3175 631 3232 satis
668 3173 865 3233 fecisse
900 3176 1121 3248 credit,
1168 3175 1219 3234 si
1254 3189 1477 3235 tantum
1514 3187 1713 3254 peccat
1735 3219 1752 3249 ,
1785 3190 2069 3253 quantum
2104 3177 2216 3255 ipsi
2254 3173 2651 3253 permittitur:

494 3266 645 3324 adeo
678 3278 831 3325 amat
859 3267 1104 3345 quisque
1142 3269 1462 3346 praescripti
1492 3269 1772 3329 curriculi
1801 3269 1944 3329 fines
1977 3271 2288 3331 extendere
2312 3265 2571 3344 longius!

580 3358 717 3417 235.
760 3359 959 3431 Quum
1001 3378 1074 3418 ex
1106 3371 1164 3419 te
1200 3359 1364 3419 audit
1395 3381 1570 3438 puer,
1603 3363 1770 3420 illum
1793 3364 2079 3437 insanire,
2114 3361 2216 3440 qui
2247 3360 2432 3418 amico
2462 3359 2658 3435 egenti

494 3453 720 3530 aliquid
756 3455 1067 3532 largiatur3
1104 3453 1206 3529 qui
1242 3453 1474 3513 affinem
1500 3455 1707 3533 inopia,
1733 3457 2098 3517 laborantem
2121 3455 2410 3525 sublevet3
2443 3471 2624 3528 quum
2641 3492 2660 3522 ,

498 3546 764 3624 inquam,
796 3547 911 3606 hoc
937 3547 1082 3605 dicis
1108 3546 1233 3604 filio
1261 3548 1646 3620 adolescenti,
1676 3561 1814 3608 tunc
1841 3549 2086 3627 inspiras
2115 3547 2203 3605 illi
2229 3559 2483 3605 mentem
2516 3545 2658 3600 alios

494 3639 819 3714 spoliandi,
851 3639 1213 3718 decipiendi,
1238 3661 1329 3699 eas
1360 3659 1470 3716 per
1500 3641 1582 3698 sas
1611 3643 1886 3718 nefasque
1913 3641 2288 3718 comparandi
2318 3657 2456 3716 opes
2473 3681 2490 3708 ,
2514 3657 2658 3712 qua-

498 3751 635 3788 rum
677 3751 877 3790 amore
911 3743 1084 3791 ⁴tanto
1126 3731 1331 3812 flagras
1355 3775 1374 3804 ,
1428 3745 1648 3809 quanto
1696 3736 2043 3810 prosequuti
2082 3745 2220 3792 sunt
2259 3733 2506 3809 patriam
2541 3734 2660 3787 De-

498 3823 605 3895 cii,
648 3834 869 3898 quanto
898 3865 917 3895 ,
960 3825 1008 3881 si
1048 3845 1187 3883 vera
1225 3825 1537 3900 scriptores
1577 3827 1766 3883 Graeci
1805 3839 2044 3884 narrant
2069 3869 2085 3897 ,
2128 3828 2456 3883 Menoeceus
2501 3823 2661 3879 The-

502 3915 712 3970 banam
738 3913 975 3985 urbem,
1018 3917 1179 3991 cujus
1211 3918 1274 3974 in
1304 3937 1446 3995 agro
1478 3937 1510 3976 e
1539 3919 1830 3976 seminatis
1869 3939 1903 3977 a
1946 3919 2169 3977 Cadmo
2204 3916 2475 3975 draconis
2508 3917 2656 3972 den-

506 4008 664 4064 tibus
702 4006 980 4064 dicuntur
1014 4010 1273 4086 legiones
1310 4011 1482 4083 olim,
1524 4013 1819 4068 instructae
1855 4012 2059 4086 armis,
2095 4011 2290 4067 subito
2325 4007 2657 4077 emicuisse,

504 4113 679 4178 atque
694 4118 949 4178 pugnam
976 4101 1275 4160 horridam
1302 4103 1458 4163 inter
1486 4123 1606 4164 sese
1629 4104 2010 4172 commisisse,
2035 4103 2199 4178 quasi
2225 4103 2456 4180 signum
2479 4093 2654 4156 dede-

506 4193 584 4250 rit
611 4192 851 4250 tubicen
871 4203 1039 4250 natus
1071 4205 1128 4251 et
1152 4195 1274 4270 ipse
1302 4217 1435 4255 cum
1462 4197 1550 4255 iis.
1579 4199 1737 4273 Ergo
1752 4237 1770 4266 ,
1791 4205 1859 4251 ut
1886 4195 1961 4252 ad
1984 4206 2039 4252 te
2061 4195 2328 4265 redeam,
2347 4192 2542 4270 ignem
2569 4189 2650 4246 il-
