3050 4884
845 389 1210 454 SATIRA
1256 390 1648 456 DECIMA
1697 394 2124 478 QUARTA.
2431 395 2557 479 309

404 496 629 570 Altera
652 499 809 570 villa
838 502 994 588 tibi,
1023 527 1231 597 quum
1265 528 1377 572 rus
1404 529 1546 574 non
1573 506 1827 579 sufficit
1858 533 2070 580 unum
2087 564 2143 599 „

398 611 488 678 Et
517 609 831 705 proferre
868 613 1035 683 libet
1069 614 1273 701 fines3
1316 617 1670 712 majorque
1697 618 1966 688 videtur

398 721 490 788 Et
516 719 759 791 melior
784 723 1009 792 vicina
1032 749 1223 821 seges
1249 751 1266 795 z
1306 726 1624 795 mercaris
1653 743 1724 796 et
1750 726 1959 815 hanc,
1988 744 2054 799 et

398 829 720 918 Arbusta,
756 846 825 901 et
855 833 1059 904 densa
1092 849 1393 905 montem
1431 836 1550 930 qui
1581 851 1784 906 canet
1811 835 2015 907 oliva.

396 936 711 1026 Quorum
738 941 793 1010 si
824 943 1040 1034 pretio
1066 944 1383 1015 dominus
1408 968 1552 1014 non
1578 946 1877 1015 vincitur
1907 945 2083 1033 ullo,
2456 963 2550 1026 145

396 1051 618 1120 Nocte
648 1050 858 1121 boves
890 1055 1133 1140 macri,
1170 1051 1473 1150 lassoque
1507 1054 1824 1126 famelica
1853 1055 2032 1126 collo

393 1161 431 1226 J
436 1175 745 1247 umente,
787 1161 873 1232 ad
900 1162 1148 1235 virides
1178 1164 1383 1260 hujus
1410 1167 1768 1236 mittentur
1799 1167 2065 1252 aristas3

396 1271 545 1341 Nec
569 1273 763 1367 prius
788 1273 945 1344 inde
974 1274 1287 1365 domum,
1328 1301 1533 1372 quam
1562 1291 1703 1346 tota
1727 1275 1994 1346 novalia
2023 1299 2230 1345 saevos

393 1380 479 1448 In
505 1394 771 1452 ventres
801 1383 1071 1471 abeant,
1099 1399 1180 1458 ut
1203 1384 1440 1455 credas
1472 1383 1752 1455 falcibus
1780 1399 2028 1455 actum.
2115 1425 2125 1434 ·

390 1488 640 1559 Dicere
665 1492 779 1560 vix
809 1493 1055 1586 possis,
1084 1518 1287 1588 quam
1315 1491 1513 1562 multi
1539 1491 1698 1562 talia
1724 1492 2025 1586 plorent,
2449 1501 2550 1554 150

389 1601 480 1668 Et
513 1616 678 1694 quot
702 1600 971 1672 venales
998 1602 1251 1698 injuria
1282 1603 1518 1673 fecerit
1547 1627 1764 1698 agros,
2422 1621 2426 1626 ·

486 1711 617 1782 Sed
651 1713 767 1807 qui
798 1713 1181 1784 sermones?
1214 1739 1418 1809 quam
1443 1712 1642 1783 foedae
1673 1714 1962 1784 buccina
1991 1713 2224 1782 famae?

388 1819 575 1908 Quid
610 1837 814 1892 nocet
843 1822 1022 1894 hoc?
1054 1823 1277 1918 inquit
1306 1850 1323 1892 ε
1357 1825 1656 1892 tunicam
1687 1823 1856 1891 mihi
1887 1821 2064 1891 malo
2094 1821 2347 1917 lupini,

392 1929 615 2018 Quam
642 1933 700 2001 si
729 1957 839 2002 me
870 1947 1013 2003 toto
1041 1932 1267 2004 laudet
1288 1934 1542 2010 vicinia
1568 1956 1744 2028 pago

393 2041 640 2136 Exigui
665 2043 839 2112 ruris
866 2044 1264 2137 paucissima
1287 2043 1471 2114 farra
1494 2057 1852 2112 secantem.
2447 2057 2543 2109 155

392 2149 661 2221 Scilicet
695 2168 765 2221 et
792 2154 1045 2223 morbis
1080 2169 1148 2224 et
1178 2139 1522 2223 debilitate
1555 2153 1842 2236 carebis,

393 2261 484 2328 Et
510 2259 767 2331 luctum
792 2278 861 2333 et
885 2288 1118 2335 curam
1146 2263 1462 2362 effugies,
1498 2279 1576 2332 et·
1591 2279 1900 2356 tempora
1928 2263 2082 2331 vitae

391 2499 541 2561 adeo
578 2517 648 2562 ut
688 2507 792 2581 qni
829 2507 1059 2583 penitus
1098 2509 1199 2566 iun
1234 2520 1391 2568 caret
1413 2551 1431 2582 ,
1472 2512 1662 2569 levius
1701 2509 1960 2568 eamdem
1999 2507 2303 2565 desideret.
2343 2507 2546 2582 Itaque

388 2614 576 2671 quum
595 2598 708 2654 tibi
730 2598 867 2654 villa
895 2617 1011 2654 una
1044 2601 1179 2656 satis
1200 2617 1324 2656 non
1356 2601 1463 2671 sit,
1502 2603 1740 2658 alteram
1764 2596 2070 2668 mermi-in
2097 2599 2286 2671 placet
2305 2597 2434 2672 agri
2455 2597 2546 2653 tui

390 2685 603 2744 limites
627 2687 941 2746 extendere
966 2711 981 2745 :
1005 2689 1183 2745 vicini
1208 2691 1335 2744 arvi
1365 2707 1525 2766 seges
1547 2732 1565 2762 ,
1592 2703 1652 2748 et
1683 2691 1900 2764 major,
1927 2699 1986 2746 et
2012 2688 2238 2748 felicior
2265 2686 2541 2744 videtur:

392 2775 543 2834 illud
562 2778 873 2834 emendum
894 2779 1136 2854 suscipis
1158 2797 1291 2840 cum
1316 2799 1536 2837 amoena
1566 2781 1770 2839 silvula
1799 2793 1856 2838 et
1875 2791 2077 2837 monte
2103 2781 2261 2854 ipso,
2283 2779 2385 2854 qui
2402 2779 2545 2837 oleis

394 2869 587 2926 densis
626 2869 854 2927 albicat.
901 2870 1081 2941 Quod
1116 2871 1164 2927 si
1200 2871 1471 2947 compelli
1503 2871 1714 2946 nequit
1748 2870 2020 2928 dominus
2057 2870 2250 2927 oblata
2282 2888 2395 2944 pro
2429 2869 2542 2928 illis

394 2973 861 3037 quantacumque
890 2963 1137 3038 pecunia
1158 3005 1177 3034 ,
1230 2975 1301 3019 ut
1349 2962 1568 3020 vendat
1589 3004 1608 3034 ,
1654 2979 1812 3037 grex·
1833 2963 2018 3018 boum
2059 2959 2396 3017 macilentus
2416 3002 2436 3031 ,
2483 2971 2544 3018 et

392 3065 591 3112 enecta
606 3053 757 3111 same
777 3073 844 3112 ac
860 3055 1197 3114 lassitudine
1214 3055 1502 3130 jumenta,
1526 3054 1588 3110 in
1608 3064 1828 3129 segetes
1849 3052 2026 3124 illius,
2049 3052 2304 3110 virentes
2323 3051 2542 3122 adhuc,

393 3143 721 3204 imittentur
734 3167 767 3202 a
788 3157 845 3204 te
868 3157 1049 3204 noctu
1065 3169 1085 3220 ;
1113 3166 1223 3205 nec
1240 3148 1403 3223 prius
1422 3145 1704 3204 redibunt
1719 3145 1858 3203 inde
1883 3145 2121 3203 domum
2135 3185 2150 3216 ,
2169 3161 2344 3220 quam
2359 3145 2542 3202 herba

396 3240 587 3297 omnis
616 3261 681 3298 ac
710 3260 841 3316 spes
858 3242 1059 3300 messis
1082 3241 1292 3300 futurae
1316 3262 1349 3298 a
1380 3241 1658 3298 famelicis
1678 3241 1954 3298 armentis
1973 3239 2206 3315 depasta
2226 3239 2290 3296 in
2307 3251 2542 3298 ventres

396 3331 629 3402 abierit,
648 3333 894 3409 perinde
912 3335 1075 3411 quasi
1095 3334 1339 3393 falcibus
1360 3335 1564 3392 fuisset
1577 3334 1818 3391 succisa.
1844 3333 1960 3392 Vix
1981 3333 2101 3390 dici
2123 3342 2342 3408 potest,
2365 3351 2540 3408 quam

393 3425 564 3480 multi
578 3444 707 3484 suas
723 3439 941 3502 segetes
959 3426 1037 3484 ita
1064 3426 1391 3504 deperditas
1415 3429 1805 3484 lamententur
1817 3467 1834 3496 ,
1858 3444 2032 3502 quam
2053 3423 2227 3482 multi
2245 3442 2354 3497 per
2375 3423 2539 3482 istam

392 3516 661 3589 injuriam
682 3529 743 3575 et
762 3519 1193 3596 improbitatem
1216 3538 1351 3578 suos
1377 3539 1548 3598 agros
1577 3520 1896 3578 divendere
1921 3519 2040 3576 sint
2065 3517 2270 3575 coacti.

478 3629 503 3666 1
515 3609 609 3667 52.
648 3615 776 3688 Age
791 3631 935 3670 vero
958 3613 1087 3688 quis
1102 3613 1407 3672 homiuum
1428 3624 1515 3670 est
1536 3612 1765 3669 sermo?
1785 3629 1960 3686 qnam
1973 3609 2119 3666 foeda
2140 3606 2384 3665 buccina
2405 3627 2542 3684 per-

392 3714 560 3760 sonat
578 3703 733 3779 apud
752 3723 953 3762 omnes
976 3705 1126 3762 fama
1146 3717 1243 3762 tua
1252 3746 1273 3775 ‚
1302 3704 1511 3762 avare?
1525 3737 1608 3749 -—-
1628 3703 1790 3775 Quid
1802 3700 2074 3759 hocmihi
2093 3701 2326 3758 tandem
2338 3701 2543 3759 obest?

394 3797 605 3871 inquit.
631 3799 791 3854 Malo
818 3797 1127 3875 leguminis
1153 3799 1413 3856 vilissimi
1446 3798 1714 3872 siliquam
1741 3795 1989 3864 habere,
2019 3812 2194 3870 quam
2225 3792 2450 3851 laudari
2471 3795 2545 3851 ab

393 3888 661 3945 omnibus
678 3888 884 3946 incolis
902 3889 1037 3967 pagi
1052 3889 1117 3948 in
1134 3891 1345 3948 vicinia
1358 3933 1375 3961 ,
1404 3889 1680 3965 siparum
1703 3888 1939 3946 interim
1961 3886 2239 3944 frumenti
2263 3905 2336 3943 ex
2357 3889 2544 3962 agello

391 3992 635 4058 angusto
664 3981 951 4058 colligum.
982 4015 1064 4028 --
1100 3985 1321 4062 Nempe
1358 3982 1423 4040 id
1459 3981 1811 4057 assequeris,
1845 3982 2087 4056 opinor,
2129 3979 2241 4036 tuis
2274 3979 2388 4036 illis
2416 3979 2550 4054 opi-

394 4075 505 4130 bus
520 4113 539 4144 ‚
568 4085 637 4130 ut
664 4073 915 4146 morbis,
954 4073 1289 4134 infirmitate
1326 4094 1517 4134 careas
1534 4116 1552 4146 ,
1583 4091 1897 4132 moerorem
1920 4085 1982 4131 et
2005 4091 2172 4131 curas
2199 4073 2507 4148 propulsos
2523 4071 2550 4126 ἰ’
