3050 4884
778 399 1142 468 SA'rmA
1188 395 1581 464 DECIMA
1625 401 2051 486 QUARTA.
2355 406 2482 495 307

432 511 692 605 Sponte
722 527 947 582 tamen
978 515 1266 607 juvenes
1301 515 1651 586 imitantur
1680 533 1899 587 cetera
1931 545 1948 588 ε
1981 518 2188 590 solam

335 620 539 689 Inviti
569 646 841 718 quoque
870 624 1215 694 avaritiam
1247 650 1550 696 exercere
1578 623 1924 720 jubentur.

344 726 532 799 Fallit
556 732 741 801 enim
767 733 1009 803 vitium
1040 735 1265 827 specie
1295 735 1564 804 virtutis
1597 750 1666 804 et
1701 736 1973 824 umbra,

337 838 568 925 Quum
597 841 683 909 sit
707 843 896 912 triste
925 841 1161 912 habitu
1188 841 1515 938 vultuque
1546 859 1614 914 et
1639 860 1824 914 veste
1853 869 2184 918 severum.
2389 883 2490 921 110

342 947 404 1016 N
408 971 489 1016 ec
518 948 723 1019 dubie
754 966 1099 1046 tamquam
1128 951 1311 1048 frugi
1338 951 1653 1024 laudatur
1682 978 1951 1044 avarus,

336 1056 703 1152 Tamquam
734 1085 979 1155 parcus
1005 1063 1246 1151 homo,
1284 1078 1353 1132 et
1384 1088 1614 1133 rerum
1647 1063 1860 1134 tutela
1885 1089 2156 1136 suarum

337 1168 538 1236 Certa
578 1171 825 1264 magis,
866 1197 1069 1266 quam
1104 1175 1159 1242 si
1202 1173 1511 1244 fortunas
1547 1190 1768 1244 servet
1797 1175 2066 1246 easdem

338 1276 786 1369 Hesperidum
814 1303 1119 1375 serpens,
1155 1297 1273 1351 aut
1298 1283 1621 1352 Ponticus
1654 1309 1671 1352 :
1699 1283 1871 1354 adde
1897 1286 2082 1379 quod
2109 1287 2331 1375 hunc,
2369 1289 2451 1360 de

338 1387 497 1475 Quo
528 1385 791 1482 loquor,
824 1393 1169 1486 egregium
1200 1392 1493 1486 populus
1520 1409 1716 1487 putat
1745 1396 2137 1488 acquirendi
2397 1417 2498 1470 115

344 1497 683 1567 Artificem
716 1525 734 1567 ε
766 1500 1021 1597 quippe
1052 1501 1157 1570 his
1192 1517 1503 1571 crescunt
1535 1503 1946 1596 patrimonia
1981 1503 2212 1577 fabris,

342 1608 479 1679 Sed
510 1623 819 1678 crescunt
844 1635 1275 1706 quocumque
1306 1610 1512 1680 modo
1528 1664 1550 1701 ,
1579 1613 1974 1707 majoraque
1999 1613 2178 1685 fiunt

341 1719 601 1789 Incude
628 1720 936 1808 adsidua,
968 1746 1369 1818 semperque
1400 1721 1677 1792 ardente
1707 1723 1995 1792 camino,

437 1832 527 1899 Et
561 1847 756 1927 pater
790 1857 957 1928 ergo
997 1834 1207 1903 animi
1246 1832 1473 1904 felices
1512 1832 1729 1904 credit
1762 1857 2036 1922 averna,

344 1940 482 2028 Qui
519 1943 805 2012 miratur
838 1969 1032 2039 opes,
1058 1945 1179 2039 qui
1210 1943 1397 2014 nulla
1422 1942 1728 2039 exempla
1752 1945 1928 2014 beati
2401 1983 2502 2018 120

350 2054 666 2148 Pauperis
698 2079 843 2124 esse
875 2069 1069 2149 putat
1099 2081 1117 2124 ε
1153 2055 1443 2149 juvenes
1478 2057 1816 2145 hortatur,
1853 2071 1933 2126 ut
1967 2053 2146 2126 illam

348 2163 459 2230 Ire
500 2163 679 2232 viam
718 2180 1035 2261 pergant,
1064 2179 1131 2234 et
1155 2163 1375 2234 eidem
1406 2166 1800 2236 incumbere
1833 2181 2050 2238 sectae.

345 2274 521 2342 Sunt
548 2274 853 2368 quaedam
876 2277 1202 2346 vitiorum
1235 2275 1560 2346 elementa
1591 2303 1608 2344 ε
1646 2276 1752 2346 his
1780 2290 2106 2370 protenus
2136 2274 2284 2345 illos

346 2381 638 2471 Imbuit,
672 2399 746 2452 et
778 2385 961 2480 cogit
990 2385 1299 2454 minimas
1326 2384 1622 2456 ediscere
1647 2384 1894 2456 sordes».

432 2633 563 2686 107.
609 2614 883 2671 Ceterum
906 2613 1015 2672 etsi
1038 2613 1184 2670 vitia
1216 2613 1413 2670 omnia
1434 2613 1825 2671 adolescentes
1847 2614 2100 2672 libenter
2119 2633 2154 2670 a
2175 2615 2510 2689 parentibus

348 2704 621 2763 hauriant
648 2704 963 2784 imitando,
998 2704 1295 2762 avaritiam
1323 2706 1507 2763 solam
1522 2705 1696 2762 inviti
1715 2715 1775 2761 et
1789 2722 1941 2779 aegre
1959 2704 2331 2775 condiscunt,
2347 2707 2510 2782 quod

348 2796 599 2874 speciem
634 2815 705 2860 ac
740 2797 1008 2854 umbram
1042 2795 1278 2853 virtutis
1306 2795 1405 2852 iun
1431 2814 1554 2871 prae
1587 2813 1650 2854 se
1677 2795 1851 2866 ferat,
1893 2806 1952 2852 et
1979 2795 2214 2854 habitus
2245 2795 2510 2868 tristitia,

348 2891 661 2966 vultusque
679 2907 748 2945 ac
764 2889 1015 2946 vestium
1035 2888 1345 2946 severitate
1361 2889 1626 2956 hora-ean
1655 2898 1714 2944 et
1737 2886 1872 2944 ideo
1901 2887 2064 2961 quod
2089 2899 2362 2963 parentes
2385 2889 2514 2945 lau-

350 2981 495 3039 dent
518 3001 786 3053 avarum,
818 2991 885 3038 ut
914 2981 1109 3038 virum
1141 2981 1430 3056 probum,
1464 2979 1777 3054 frugalem,
1809 2997 2082 3054 parcum,
2109 2980 2214 3054 qui
2243 2979 2512 3046 fortunas

350 3092 481 3130 suas
506 3084 730 3131 tutetur
755 3093 823 3130 ac
860 3084 1055 3132 servet
1078 3073 1314 3143 melius,
1346 3089 1523 3148 quam
1560 3071 1610 3128 si
1644 3090 1737 3131 eas
1771 3071 2093 3133 custodiret
2127 3072 2227 3130 ille
2260 3072 2512 3150 pervigil

348 3166 530 3223 draco
545 3209 563 3237 ,
588 3166 693 3242 qui
728 3185 900 3243 poma
924 3165 1311 3242 Hesperidum
1324 3207 1343 3236 ,
1374 3176 1475 3220 aut
1500 3163 1676 3234 alter,
1698 3163 1804 3238 qui
1839 3182 2082 3222 aureum
2104 3166 2290 3222 vellus
2321 3183 2510 3242 prope

350 3261 605 3317 Pontum
638 3259 1021 3317 custodiebat.
1051 3257 1223 3317 Adde
1251 3257 1417 3333 quod
1450 3256 1723 3314 eumdem
1755 3256 1914 3314 huuc
1935 3297 1952 3328 ‚
1989 3258 2064 3316 de
2102 3278 2222 3336 quo
2257 3261 2476 3334 loquor
2490 3299 2508 3330 ,

350 3351 761 3410 honorandum
773 3351 1023 3427 populus
1044 3360 1214 3426 putat
1228 3350 1293 3406 in
1312 3359 1437 3407 arte
1452 3347 1793 3424 acquirendi
1813 3347 2096 3407 artificem
2109 3392 2127 3424 ,
2151 3350 2290 3426 quia
2307 3350 2510 3406 talium

350 3442 655 3500 fabrorum
689 3443 1041 3518 patrimonia
1072 3452 1371 3513 crescunt3
1414 3451 1475 3500 et
1512 3450 1781 3500 crescunt
1813 3441 2054 3519 quidem
2068 3483 2089 3510 ,
2139 3443 2244 3500 sed
2287 3442 2514 3517 majora

302 3557 310 3564 ·
352 3531 507 3592 fiunt
522 3533 783 3590 adhibita
802 3545 927 3590 arte
948 3535 1212 3608 qualibet
1227 3573 1245 3605 ,
1268 3532 1501 3591 assiduo
1520 3543 1583 3590 et
1600 3531 1889 3590 indefesso
1915 3533 2142 3606 labore,
2171 3534 2352 3592 instar
2375 3530 2513 3613 opi-
2543 3556 2548 3564 ¹

355 3627 557 3699 ficum,
576 3626 681 3702 qui
702 3626 927 3684 ferrum
952 3627 1181 3684 camino
1200 3644 1433 3702 semper
1459 3625 1702 3684 ardente
1719 3623 2066 3696 mollientes,
2090 3645 2216 3683 non
2239 3625 2514 3691 desinunt

352 3719 556 3776 incudi
582 3717 922 3793 impositum
944 3716 1196 3796 fingere,
1226 3729 1295 3776 ut
1308 3718 1543 3796 longius
1563 3715 1868 3776 efficiatur.

440 3832 465 3869 1
480 3831 571 3888 19.
612 3814 771 3890 Ergo
790 3823 957 3888 pater
976 3831 1181 3870 avaros
1202 3812 1493 3870 existimat
1510 3812 1840 3870 animorum
1859 3809 2130 3870 felicitate
2152 3826 2513 3895 prestantes,

352 3905 459 3982 qui
484 3903 635 3962 nihil
657 3922 819 3980 aeque
842 3923 910 3961 ac
934 3902 1164 3962 divitias
1188 3904 1457 3976 miratur,
1488 3904 1594 3979 qui
1619 3903 1848 3960 nullum
1871 3902 2152 3962 exstitisse
2179 3910 2508 3986 exemplum

352 4009 520 4074 putat
545 3995 815 4074 pauperis
843 3981 959 4053 laeti
988 4007 1047 4052 et
1068 3997 1256 4068 beati3
1284 3996 1419 4055 ideo
1450 3995 1603 4054 filios
1627 3996 1972 4054 adhortatur
1992 3997 2195 4054 sedulo
2208 4040 2226 4070 ,
2255 4011 2324 4058 ut
2349 4021 2509 4062 eam-

352 4091 491 4150 dem
530 4091 799 4148 insistant
832 4090 989 4146 viam
1006 4131 1025 4162 ,
1074 4101 1135 4148 et
1174 4109 1299 4148 eam
1343 4090 1738 4146 feneratorum
1777 4098 1990 4144 sectam
2030 4091 2506 4164 complectantur.

356 4182 867 4254 Quemadmodum
886 4191 1079 4242 autem
1106 4183 1169 4240 in
1190 4182 1462 4241 omnibus
1483 4181 1642 4240 vitiis
1662 4221 1678 4246 ,
1708 4180 1952 4258 perinde
1971 4192 2146 4260 atque
2173 4181 2235 4240 in
2257 4186 2506 4256 artibus,

2099 4295 2204 4338 20.
