3050 4884
518 363 605 440 44
670 357 1377 427 VAR.LEC'1·10N.
1414 359 1539 424 ET
1573 357 1800 425 NOT.
1838 358 1942 425 IN
1975 360 2276 428 SATIR.
2310 361 2540 429 NON.

514 473 629 529 Has
663 474 721 528 in
758 487 1002 528 monstra
1032 477 1242 527 marina
1273 491 1560 527 conversas
1584 472 1732 526 canit
1765 471 1928 526 Ovid.
1969 472 2190 527 Metam.
2228 475 2301 539 V,
2333 474 2445 528 fab.
2485 492 2540 544 9.
2573 473 2668 530 Se·

512 559 680 629 pulta
732 559 990 613 dicuntur
1037 555 1111 610 ad
1156 557 1588 630 promontorium
1623 556 1906 628 sinumque
1939 555 2245 610 Paestanum
2287 558 2346 610 in
2395 557 2669 622 Lucania;

512 640 661 694 unde
680 661 879 697 nomeu
904 642 1077 694 trihus
1101 641 1287 712 parvis
1314 640 1505 694 insulis
1523 678 1541 705 ,
1573 659 1693 713 qua
1725 652 1850 694 sunt
1869 639 2038 693 veluti
2058 639 2268 712 scopuli
2298 641 2356 693 in
2391 640 2493 694 illo
2526 641 2669 694 sinu.

509 725 663 778 Mela
692 726 927 780 sirenum
954 737 1139 798 petras
1166 742 1181 776 τ
1209 724 1425 778 Solinus
1456 723 1693 777 sirenum
1729 741 1857 776 saxa
1887 736 2182 796 nuncupat.
2217 727 2296 777 Re
2329 736 2511 778 autem
2539 741 2671 778 vera

508 808 815 861 meretrices
848 807 1013 860 fuisse
1032 807 1148 859 illic
1178 806 1412 860 famosas
1427 844 1444 873 ,
1472 825 1594 880 quae
1619 807 1932 878 navigantes
1956 805 2241 860 blanditiis
2261 807 2580 879 pellexerint
2603 823 2671 861 ac

506 890 850 963 perdiderint
877 892 1015 944 bene
1040 891 1239 945 multos
1252 930 1266 955 ,
1288 903 1532 944 asserunt
1553 908 1722 963 quum
1745 889 1864 956 alii,
1895 902 2014 942 tum
2035 890 2234 943 Coelius
2253 889 2489 962 Rhodig.
2507 891 2668 956 xlv,

510 982 613 1040 14:
636 979 783 1031 «Nec
818 976 1017 1030 eirenes
1054 976 1466 1047 impetraverint
1495 975 1690 1039 fidem,
1730 974 1964 1028 affirmet
1998 975 2125 1030 licet
2157 976 2369 1041 Dinon,
2402 977 2672 1030 Clitarchi

506 1059 765 1112 celebrati
794 1059 1028 1112 auctoris
1048 1070 1233 1131 pater,
1270 1057 1327 1110 iu
1356 1056 1517 1112 India
1543 1077 1686 1124 ease3
1722 1058 2054 1129 mulcerique
2079 1077 2268 1113 earum
2299 1071 2460 1113 cantu
2479 1100 2497 1125 ,
2527 1079 2668 1132 quoe

505 1155 757 1213 gravatos
780 1159 970 1194 somno
993 1153 1247 1195 tacerent.
1269 1147 1395 1194 Haec
1416 1141 1560 1194 Plin.
1580 1142 1633 1193 X
1649 1180 1665 1206 ,
1693 1147 1776 1210 49.
1804 1139 1945 1193 Vide
1967 1142 2079 1196 Cic.
2105 1141 2173 1195 de
2196 1143 2239 1194 F
2241 1142 2451 1209 inibus,
2475 1142 2570 1197 liv.
2590 1145 2665 1208 V,

503 1244 559 1280 n.
588 1232 673 1295 49,
692 1237 747 1278 et
772 1226 964 1279 Athen.
985 1225 1014 1276 1
1029 1262 1044 1288 ,
1068 1243 1150 1278 υ.
1172 1225 1385 1278 Fabula
1406 1225 1644 1278 sirenum
1662 1226 1970 1298 voluptates
1990 1227 2167 1280 carnis
2189 1227 2472 1298 fugiendas
2491 1241 2670 1282 osten·

502 1305 611 1372 dit,
637 1326 737 1360 nec
759 1307 916 1362 aliter
941 1326 1105 1379 quam
1128 1308 1259 1380 fuga
1284 1307 1634 1381 naufragium
1657 1309 1857 1362 evitare
1879 1310 2078 1381 probat
2105 1311 2317 1384 Ulyssis
2339 1315 2665 1386 exemplum.

504 1391 605 1443 His
646 1391 701 1444 S.
746 1391 1109 1464 Hieronymus
1144 1391 1342 1455 utitur,
1374 1403 1437 1444 ut
1462 1391 1750 1446 vitandum
1781 1406 1984 1446 asserat
2021 1408 2330 1466 suspectum
2368 1398 2661 1450 contuber-

501 1472 671 1525 nium.
708 1473 879 1525 Porro
904 1473 1141 1526 marinos
1162 1474 1409 1528 homines
1442 1477 1724 1549 utriusque
1758 1495 1914 1530 sexus
1945 1490 2182 1542 exstare,
2215 1479 2368 1533 haud
2403 1479 2662 1534 dubitan-

502 1553 634 1607 dum
660 1573 673 1608 ε
698 1554 849 1627 quod
870 1575 1203 1610 summorum
1236 1557 1527 1612 auctoritas
1559 1560 1826 1626 virorum,
1861 1559 2012 1632 quod
2035 1573 2090 1614 et
2115 1563 2278 1616 evicit
2299 1582 2409 1618 non
2431 1565 2660 1638 simplex

498 1637 857 1708 experientia,
890 1656 990 1691 nec
1010 1637 1163 1693 haud
1182 1637 1261 1692 ita
1286 1639 1516 1712 pride--
1547 1643 1628 1697 De
1657 1644 1854 1717 quibua
1875 1644 2110 1717 amplius
2138 1645 2382 1703 dicemus
2397 1687 2412 1711 ,
2444 1649 2516 1702 ad
2540 1651 2655 1704 Sat.

501 1720 665 1786 XIV,
707 1721 827 1776 233.
872 1723 979 1776 En.
