3050 4884
854 360 1226 425 SATIRA
1270 358 1663 427 DECIMA
1710 360 2108 429 TERTIA.
2381 362 2504 431 255

464 470 734 541 Mobilis
760 488 825 543 et
852 474 1037 542 varia
1067 490 1167 542 est
1191 473 1403 574 ferme
1432 490 1673 544 natura
1705 477 2057 549 malorum.

365 582 597 671 Quum
628 581 839 652 scelus
872 583 1269 673 admittunt,
1304 601 1608 679 superest
1645 592 2059 659 constantia:
2099 588 2264 687 quid
2294 588 2393 659 fas

362 696 586 788 Atque
622 691 837 781 nefaS‚
878 692 1150 763 tandem
1186 694 1522 789 incipiunt
1549 698 1796 766 sentire
1831 701 2117 793 peractis

360 803 807 891 Criminibus3
850 817 1077 872 tamen
1110 801 1195 871 ad
1228 827 1449 874 mores
1482 822 1726 877 natura
1759 809 2047 880 recurrit

360 914 763 1002 DamnatoS,
792 913 925 981 fixa
953 928 1020 983 et
1050 916 1297 983 mutari
1326 916 1592 986 nescia:
1627 942 1785 985 nam
1819 918 1966 1012 quis
2408 940 2507 998 240

360 1023 692 1093 Peccandi
721 1022 925 1092 finem
955 1025 1182 1118 posuit
1214 1024 1390 1093 sibi?
1425 1026 1698 1122 quando
1733 1027 1993 1120 recepit

360 1133 673 1226 Ejectum
710 1132 912 1203 semel
946 1132 1191 1201 adtrita
1222 1133 1307 1203 de
1341 1134 1567 1205 fronte
1603 1136 1965 1205 ruborem?

357 1240 687 1329 Quisnam
718 1243 1073 1312 hominum
1105 1257 1233 1330 est,
1267 1269 1467 1337 quem
1496 1259 1569 1313 tu
1599 1260 1994 1315 contentum
2021 1244 2266 1315 videris
2296 1268 2437 1315 uno

358 1348 685 1443 Flagitio?
716 1350 900 1420 dabit
934 1351 1003 1419 in
1037 1350 1347 1446 laqueum
1375 1356 1655 1448 vestigia
1684 1370 1914 1424 noster

358 1460 691 1550 Perfidus,
731 1477 798 1530 et
830 1462 1009 1555 nigri
1042 1463 1343 1556 patietur
1375 1466 1666 1534 carceris
1698 1488 1990 1552 uncum,
2407 1476 2508 1542 245

353 1573 493 1639 Aut
526 1572 727 1639 maris
756 1572 965 1665 AEgaei
996 1596 1229 1666 rupem
1262 1571 1708 1667 scopulosque
1735 1572 2117 1667 frequentes

351 1680 707 1751 Exsulibus
741 1682 1000 1777 magnis
1032 1709 1047 1749 ε
1088 1707 1289 1776 poena
1325 1682 1648 1777 gaudebis
1680 1706 1909 1773 amara

354 1790 667 1861 Nominis
700 1792 927 1879 invisi,
967 1792 1369 1885 tandemque
1406 1793 1698 1863 fatebere
1735 1792 1955 1887 laetus,

350 1902 495 1971 Nec
528 1898 834 1987 surdum,
870 1926 999 1971 nec
1032 1903 1358 1971 Tiresiam
1392 1925 1804 1999 quemquam·
1833 1926 1977 1971 esse
2007 1903 2338 1970 Deorum.

432 2096 563 2179 236.
608 2102 886 2157 Naturam
916 2100 1326 2176 improborum
1354 2104 1520 2176 vide,
1559 2122 1811 2180 quorum
1839 2114 2061 2161 mentes
2086 2100 2258 2158 variae
2279 2118 2516 2176 semper,

350 2202 408 2247 et
424 2192 727 2249 mutabiles
755 2214 769 2250 τ
798 2191 912 2249 illis
936 2194 1079 2250 nihil
1108 2207 1193 2251 est
1216 2196 1485 2253 audacius
1512 2216 1578 2253 ac
1598 2193 2000 2266 deliberatius,
2030 2214 2210 2270 quum
2231 2202 2470 2269 peccant
2483 2214 2502 2263 ;

348 2294 655 2358 postquam
683 2296 1023 2361 peccarunt,
1066 2297 1202 2345 tunc
1238 2300 1429 2359 metu,
1470 2288 1736 2363 pudore,
1781 2288 2120 2365 poenitentia
2146 2285 2502 2361 perturban-

348 2384 471 2445 tur,
510 2390 567 2433 et
606 2378 749 2452 quid
784 2379 860 2435 sit
898 2378 1173 2437 virtutem
1211 2380 1364 2437 inter
1401 2398 1467 2437 ac
1498 2378 1710 2436 vitium
1748 2374 2129 2449 discriminis,
2163 2388 2500 2455 agnoscunt.

348 2467 739 2525 Nihilominus
758 2470 837 2527 nd
862 2470 1063 2527 endem
1093 2470 1307 2547 flagitia
1338 2490 1467 2547 quae
1487 2471 2020 2528 condemnaverant
2037 2512 2054 2539 ,
2079 2470 2495 2541 revolvuntur,

344 2568 567 2615 naturae
590 2562 845 2635 quodam
882 2561 1105 2635 impetu
1135 2560 1516 2618 inveteratam
1553 2561 1832 2619 servantis
1876 2560 2350 2619 consuetudinem
2375 2602 2390 2629 ‚
2440 2573 2499 2618 et

344 2668 557 2725 pravos
588 2670 782 2709 mores
813 2651 1109 2709 dediscere
1135 2652 1459 2711 nescientis.
1498 2654 1728 2723 Quotus
1759 2652 1916 2709 enim
1947 2654 2191 2727 quisque
2221 2663 2406 2708 certos
2433 2652 2494 2709 in

346 2746 641 2819 peccando
677 2744 889 2801 limites
918 2746 1255 2821 prescripsit
1289 2744 1428 2815 sibi,
1470 2764 1618 2820 quos
1653 2747 1808 2803 ultra
1844 2762 1966 2803 non
1995 2744 2496 2819 progrederetur?

348 2837 494 2905 Quis
522 2848 756 2895 exutam
776 2838 955 2893 semel
976 2835 1389 2894 verecundiam
1414 2837 1609 2895 induit
1642 2855 1902 2907 rursum,
1931 2855 1998 2895 ac
2033 2836 2096 2894 in
2126 2835 2380 2893 frontem
2406 2846 2496 2893 at—

344 2927 537 2982 tritam
561 2928 899 2985 revocavit?
924 2928 1069 2997 Quis
1090 2946 1211 2985 uno
1234 2937 1457 2987 tantum
1482 2930 1699 2986 scelere
1723 2940 2030 2989 contentus
2052 2929 2202 2985 fuit?
2225 2927 2496 3001 Perjurus

343 3017 444 3074 ille
471 3018 683 3075 amicus
712 3030 873 3089 tuus,
914 3021 1028 3075 alio
1059 3019 1256 3095 aliquo
1284 3021 1499 3078 scelere
1528 3021 1884 3097 implicata,
1921 3023 2130 3097 laqueo
2167 3022 2496 3097 deprehen-

344 3108 643 3183 detur,-ac
670 3112 882 3171 merito
910 3113 1194 3191 supplicio
1220 3114 1570 3173 mactabitur
1600 3138 1613 3172 ε
1647 3116 1742 3172 vel
1770 3116 2092 3193 abripietur
2117 3116 2178 3173 in
2205 3132 2491 3175 carcerem

264 3184 277 3201 ’
342 3203 581 3279 nigrum
597 3246 614 3275 ‚
636 3204 721 3261 ibi
747 3224 899 3263 unco
916 3204 1291 3277 vinciendus3
1313 3208 1409 3263 vel
1432 3208 1495 3263 in
1518 3208 1756 3265 exilium
1773 3208 2196 3277 emendabitur,
2228 3226 2335 3283 per
2361 3226 2492 3265 sco-

342 3298 542 3371 pulum
560 3300 728 3375 AEgei
746 3299 919 3359 maris
936 3298 1187 3375 aliquem
1214 3300 1369 3359 exiis
1392 3300 1467 3359 ad
1488 3319 1635 3377 quos
1659 3300 1864 3359 fmnosi
1879 3303 2075 3359 exules
2091 3300 2490 3375 deportantur.

340 3390 499 3447 Illius
526 3391 697 3448 invisi
714 3391 967 3449 hominis
995 3392 1289 3449 crudelem
1321 3392 1640 3451 cruciatum
1655 3394 1824 3451 laetus·
1847 3392 2146 3469 adspicies,
2165 3411 2231 3449 ac
2252 3390 2488 3457 tandem

340 3482 593 3557 gaudem
624 3484 853 3543 utillum
880 3484 1033 3543 inter
1072 3484 1215 3547 deos
1248 3485 1521 3558 surdum,
1551 3498 1876 3556 etcaecum,
1904 3498 1976 3545 ut·
2014 3486 2331 3558 Tiresiam,
2369 3500 2489 3541 esse

354 3572 642 3633 finteberis.
