3050 4884
607 388 692 453 7⁰
1219 367 1301 429 D.
1346 364 1619 429 JUNII
1660 363 2213 431 IUVENALIS

603 479 1050 566 Verberibus3
1079 478 1404 573 quosdam
1435 478 1737 546 moechos
1766 493 1835 546 et
1860 478 2129 573 mugilis
2160 480 2385 549 intrat.

605 588 740 657 Sed
773 604 928 657 tuus
957 589 1344 683 Endymion
1381 586 1641 657 dilectae
1670 586 1787 655 fiet
1816 586 2080 655 adulter

607 704 974 787 Μαι-οπως
1019 727 1176 771 mox
1205 726 1414 795 quum
1439 700 1707 769 dederit
1736 699 2017 769 Servilia
2044 724 2390 786 nummos,

607 812 748 879 Fiet
779 826 848 879 et
875 810 1082 895 illius,
1115 836 1318 906 quam
1355 836 1494 881 non
1521 826 1699 879 amat
1732 836 1747 877 :
1780 826 1977 879 exuet
2000 835 2273 879 omnem
2646 828 2751 880 διο

608 922 929 1014 Corporis
957 936 1274 991 ornatum
1305 948 1322 989 ε
1357 922 1526 1017 quid
1564 922 1743 989 enim
1776 918 1911 990 ulla
1948 922 2295 1014 negaverit
2322 920 2473 991 udis

607 1030 1043 1123 InguinibuS‚
1073 1033 1214 1099 sive
1247 1046 1350 1099 est
1375 1031 1518 1099 baec
1550 1032 1808 1125 Oppia,
1840 1032 1981 1100 sive
2003 1029 2315 1101 Catulla?

605 1140 921 1207 Deterior
945 1156 1120 1209 totos
1144 1140 1342 1209 habet
1371 1138 1507 1209 illic
1530 1140 1784 1208 femina
1806 1166 2044 1211 mores.

605 1285 704 1301 —-
729 1248 858 1317 Sed
883 1264 1066 1317 casto
1089 1248 1252 1343 quid
1277 1248 1496 1317 forma
1517 1248 1767 1319 nocet?
1793 1291 1885 1303 -
1912 1250 2077 1343 quid
2109 1250 2369 1344 profuit
2394 1250 2601 1319 immo
2662 1233 2671 1245 ⁸

607 1356 978 1451 Hippolyto
1011 1382 1214 1452 grave
1247 1358 1723 1451 propositum?
1752 1360 1919 1454 quid
1956 1359 2507 1454 Bellerophonti?
2642 1380 2741 1433 325

605 1466 898 1535 Erubuit
929 1492 1173 1561 nempe
1207 1468 1380 1551 haec,
1411 1492 1533 1536 ceu
1571 1462 1895 1553 fastidita,
1930 1467 2226 1563 repulsa3

606 1578 756 1645 Nec
777 1576 1186 1644 Sthenobcea
1207 1577 1462 1659 minus,
1490 1601 1693 1670 quam
1721 1581 1991 1663 Cressa,
2016 1579 2406 1665 excanduit3
2434 1595 2503 1648 et
2522 1606 2591 1650 se

608 1690 1025 1755 concussere
1055 1684 1305 1751 ambae:
1337 1682 1576 1752 mulier
1596 1688 1949 1754 saevissima
1978 1702 2143 1753 tunc
2168 1700 2300 1772 est,

607 1794 838 1881 Quum
863 1792 1166 1861 stimulos
1195 1792 1352 1860 odio
1381 1792 1605 1887 pudor
1630 1793 1960 1863 admovet.
1994 1794 2185 1888 Elige
2205 1848 2224 1880 ‚
2252 1797 2573 1889 quidnam

607 1903 1046 1973 suadendum
1073 1928 1214 1972 esse
1249 1919 1474 1995 putes,
1515 1904 1627 1970 cui
1668 1904 1925 1971 nubere
1954 1906 2229 1973 Caesaris
2258 1930 2428 1974 uxor
2645 1924 2747 1978 330

605 2015 916 2084 Destinat
945 2041 961 2082 :
991 2014 1286 2107 optimus
1313 2014 1457 2097 hie,
1485 2028 1554 2081 et
1585 2012 2107 2083 formosissimus
2134 2013 2311 2085 idem

609 2126 846 2193 Gentis
871 2122 1166 2219 patriciae
1187 2176 1208 2205 ‚
1245 2123 1505 2216 rapitur
1535 2124 1738 2192 miser
1766 2126 2288 2219 exstinguendus

555 2266 602 2335 X

610 2340 778 2410 cidit3
815 2340 1083 2397 nonnulli
1109 2358 1260 2414 saepe
1284 2341 1555 2417 mugilem
1586 2341 1719 2399 adul
1727 2341 1863 2399 teris
1884 2360 1991 2417 per
2011 2342 2131 2401 vim
2154 2342 2516 2399 immiserunt
2536 2343 2745 2402 mariti.

612 2433 732 2490 Sed
757 2443 890 2489 tuns
913 2431 1097 2501 filius,
1125 2451 1286 2505 aeque
1315 2433 1559 2507 pulcher
1588 2453 1653 2489 ac
1683 2434 2009 2507 Endymion
2026 2476 2045 2503 ‚
2070 2444 2359 2489 matronas
2380 2444 2604 2490 tantum
2626 2436 2747 2491 sota

611 2542 800 2580 mosas
822 2534 882 2578 et
905 2534 1115 2579 amatas
1141 2524 1454 2597 stup‘rabit3
1470 2524 1655 2578 immo
1678 2540 1823 2578 vero
1850 2524 2020 2578 etiam
2049 2522 2173 2579 illas
2194 2542 2335 2597 quas
2362 2544 2487 2581 non
2516 2525 2747 2602 diliget,

613 2628 674 2674 et
699 2616 1018 2685 deformem
1047 2615 1231 2688 ipsam
1255 2616 1589 2683 Serviliam,
1618 2614 1797 2669 modo
1830 2615 2133 2689 pecuniam
2156 2615 2424 2672 dederitx:
2452 2617 2573 2675 baec
2605 2617 2747 2673 nihil

611 2708 736 2765 filio
771 2719 874 2764 tuo
907 2708 1252 2784 denegabit,
1281 2708 1589 2782 omniaque
1612 2706 1822 2763 offeret
1842 2706 2107 2782 corporis
2134 2720 2471 2765 ornamenta
2488 2751 2504 2781 ‚
2530 2720 2597 2765 ut
2618 2729 2746 2767 eum

613 2802 724 2859 sibi
754 2802 1078 2859 devinciat:
1105 2802 1260 2857 nulla
1296 2801 1450 2861 enim
1479 2798 1711 2867 mulier,
1738 2800 1860 2856 sive
1890 2800 2109 2875 Oppia,
2138 2800 2259 2857 sive
2288 2802 2536 2872 Catulla,
2566 2822 2747 2877 quum

613 2894 816 2950 ardent
846 2892 1090 2949 libidine
1123 2892 1352 2949 madida
1385 2892 1539 2947 illius
1576 2891 1811 2967 inguim
1828 2934 1845 2961 ,
1886 2892 2139 2966 pretium
2170 2904 2396 2951 recusat
2432 2894 2549 2949 suis
2576 2896 2747 2952 adnl-

611 2986 771 3055 teris,
791 2996 860 3041 ut
878 2986 1162 3041 desideria
1181 2987 1423 3059 expleat.
1445 2986 1679 3041 Femina
1700 2983 1759 3039 in
1782 2984 1909 3039 aliis
1928 2985 2101 3041 rebus
2120 2985 2361 3058 pessima
2376 3028 2394 3056 ,
2412 3004 2645 3042 omnem
2664 2986 2749 3041 in-

615 3078 914 3145 dustriam,
935 3094 1134 3132 omnes
1153 3077 1418 3151 corporis
1441 3088 1499 3133 et
1517 3076 1695 3137 animi
1712 3096 1923 3131 nervos
1944 3076 2019 3132 ad
2036 3077 2191 3132 hunc
2210 3076 2381 3135 finem
2402 3078 2747 3135 intendit.—

612 3172 832 3226 'Verum
848 3210 864 3237 ,
894 3168 1120 3241 inquies
1137 3210 1154 3237 ,
1183 3168 1328 3242 quid
1349 3170 1514 3225 obest
1542 3169 1727 3225 forma
1742 3210 1759 3239 ,
1774 3168 1823 3223 si
1842 3167 1971 3241 quis
1988 3168 2325 3241 pudicitiam
2352 3168 2605 3226 retinere
2626 3188 2751 3225 om·

613 3262 758 3317 nino
772 3260 1110 3317 decreverit.
1127 3261 1568 3317 -Decreverat
1586 3260 1742 3317 istud
1756 3262 1993 3335 quidem
2016 3263 2367 3338 Hippolytus
2381 3283 2400 3331 ;
2418 3262 2751 3319 decreverat

613 3352 1004 3425 Bellerophon
1019 3371 1036 3421 3
1055 3370 1226 3425 quam
1247 3352 1520 3427 gravibus
1542 3364 1792 3427 uterque
1810 3351 2185 3409 nibilominus
2202 3351 2470 3427 periculis
2488 3364 2548 3409 et
2564 3352 2749 3408 exitiis

615 3443 878 3515 objectus
899 3445 1007 3499 est!
1034 3443 1270 3500 Phaedra
1292 3462 1352 3499 se
1377 3444 1663 3517 repulsam
1692 3446 1765 3500 ab
1796 3445 2119 3521 Hippolyto
2151 3446 2380 3513 videns,
2410 3457 2470 3501 et
2494 3457 2750 3502 contem·

613 3548 772 3611 ptam
785 3576 804 3605 ,
829 3538 1056 3611 pudore
1083 3536 1254 3592 simul
1276 3549 1334 3593 et
1353 3536 1494 3594 odio
1515 3538 1592 3593 ad
1616 3539 1899 3613 ultionem
1920 3538 2148 3595 exarsit.
2170 3541 2290 3595 Nec
2316 3539 2561 3595 leviores
2581 3558 2751 3613 quam

615 3628 854 3683 Phaedra
881 3628 1148 3700 concepit
1174 3628 1286 3683 iras
1314 3630 1686 3699 Sthenobaea,
1716 3630 2180 3704 Bellerophontis
2210 3630 2502 3687 fastidium
2530 3642 2586 3687 et
2616 3650 2752 3705 pro-

615 3722 858 3778 himem
892 3722 1226 3777 non-ferens
1257 3744 1268 3777 :
1299 3722 1493 3796 itaque
1530 3724 1713 3778 ambae
1742 3724 1818 3781 ad
1852 3724 2297 3780 castissimorum
2328 3723 2753 3780 adolescentum

617 3813 937 3890 perniciem
975 3814 1111 3868 totis
1152 3814 1354 3871 animis
1385 3814 1792 3872 incubuerunt.
1832 3816 1993 3871 Nihil
2030 3826 2115 3871 est
2150 3816 2393 3873 muliere
2422 3813 2714 3871 crudelius
2735 3855 2753 3884 ,

621 3926 800 3983 quum
823 3906 900 3961 ad
920 3905 1120 3961 odium
1153 3908 1346 3981 pudor
1367 3918 1424 3963 et
1460 3908 1706 3963 infamiae
1742 3918 1927 3963 metus
1962 3908 2210 3964 accessit.
2240 3912 2398 3983 Age,
2428 3907 2573 3981 quid
2606 3926 2754 3963 con-

619 4001 733 4058 silii
765 3998 1106 4073 capiendum
1139 4018 1258 4056 esse
1295 4010 1458 4075 putas
1493 4000 1675 4071 Silio,
1708 4001 1802 4055 cui
1839 4000 2059 4055 nubere
2090 4000 2331 4056 Caesaris
2362 4018 2517 4056 uxor
2542 3999 2756 4056 consti-

624 4094 770 4151 tuit?
799 4091 1148 4149 Adolescens
1171 4094 1401 4169 egregie
1423 4094 1647 4168 probus
1662 4135 1679 4165 ,
1704 4094 2021 4162 formosus,
2043 4093 2255 4159 nobilis
2276 4104 2335 4149 et
2360 4093 2602 4168 patricio
2622 4096 2753 4151 loco
