3050 4884
548 376 678 460 274
866 373 1209 442 VARIAE
1256 373 1838 440 LECTIONES
1885 375 2010 441 ET
2055 368 2364 447 NOTAE

546 485 646 541 Isis
667 484 879 559 sculpta
896 501 1030 542 erat.
1060 487 1192 561 Ejus
1213 512 1237 534 ι
1252 506 1351 559 per
1372 483 1652 559 linguatam
1675 487 1960 551 laminam,
1993 489 2047 542 in
2069 487 2292 542 modum
2313 487 2484 542 baltei
2505 504 2688 541 recur-

544 583 753 636 vatam,
796 575 1031 645 trajecta
1066 571 1258 626 media
1292 589 1478 644 pauc-m
1517 571 1770 641 virgula,
1813 574 2081 646 crispante
2111 573 2338 625 brachio
2369 572 2690 644 tergeminos

541 657 719 728 jactus
732 692 749 716 ,
788 655 1087 710 reddebant
1116 668 1367 726 argutum
1387 673 1635 710 sonorem
1649 693 1664 718 ,
1681 680 1704 702 ι·
1733 667 1795 708 ut
1815 667 1938 708 utar
1956 655 2134 710 vei-bia
2156 655 2316 728 Apul.
2349 656 2569 708 Metam.
2589 653 2689 715 XI,

543 757 673 811 pag.
712 737 847 804 258,
886 739 971 792 33.
998 756 1013 779 ¹

612 837 749 886 Nor.
780 833 868 901 95.
907 833 1039 886 Aliae
1060 849 1255 904 poenae,
1282 850 1401 903 quoe
1418 831 1652 904 perjuris
1670 831 1990 904 infliguntur
2012 834 2082 885 ah
2107 832 2258 885 iratis
2277 832 2396 884 diis.
2433 861 2502 873 -
2524 831 2690 881 Phthi-

542 918 631 982 εἰς,
662 914 839 982 φθίσις,
877 915 1029 968 tabes
1064 916 1225 968 lenta.
1264 945 1339 957 —-
1376 919 1588 966 Vomicoe
1601 929 1798 983 putres,
1835 918 2012 969 ulcera
2045 916 2297 988 putrida,
2329 925 2690 986 apostemata,

545 999 820 1052 abscessus
838 998 1059 1069 maligni
1078 999 1231 1070 puris
1250 998 1414 1069 pleni.
1435 1004 1560 1050 Seme
1575 1002 1703 1050 tanti
1715 999 2024 1053 aestimanda
2039 1039 2054 1064 ‚
2075 1013 2131 1052 ut
2155 1019 2260 1053 non
2283 1000 2549 1070 eligantur
2567 1017 2690 1050 cum

538 1083 737 1154 opibus
756 1096 807 1134 et
830 1083 1092 1153 patienter
1115 1081 1393 1136 ferantur?
1428 1108 1450 1128 ι
1472 1083 1668 1136 Melina
1698 1097 1780 1137 est
1802 1097 2063 1156 aegrotare
2089 1101 2216 1137 cum
2251 1081 2486 1148 divitiis,
2525 1099 2688 1155 quam

540 1185 653 1220 esse
675 1183 867 1219 sanum
889 1183 1183 1238 pauperem
1198 1205 1215 1232 ,
1245 1191 1267 1212 a
1294 1165 1476 1218 Schol.

611 1334 751 1382 vu.
791 1332 875 1395 96.
910 1333 1112 1395 Semper
1126 1347 1219 1395 pro
1238 1347 1449 1395 pauper,
1477 1332 1560 1382 16.

612 1425 665 1478 N
668 1442 755 1477 or.
792 1425 880 1491 96.
920 1425 1211 1492 Podagram
1236 1426 1542 1490 locupletem,
1568 1423 1676 1476 hoc
1703 1435 1813 1488 est,
1837 1441 1982 1495 quse,
2008 1425 2096 1477 vel
2123 1423 2168 1476 si
2189 1441 2314 1478 cnm
2333 1422 2536 1476 divitiis
2563 1441 2690 1476 con-

536 1513 729 1582 juncta
755 1518 834 1558 est
858 1523 873 1556 ε
895 1524 1005 1558 non
1021 1545 1038 1570 ,
1074 1524 1191 1576 qua».
1220 1505 1483 1558 divitibus
1502 1509 1522 1574 (
1541 1505 1706 1558 immo
1728 1506 2052 1575 luxuriosis)
2087 1507 2403 1580 plerumque
2427 1506 2620 1559 infesta
2637 1517 2693 1557 et

540 1591 823 1658 familiaris
842 1601 938 1644 eet.
959 1591 1043 1642 De
1060 1588 1299 1660 podagra
1320 1587 1551 1642 divitum
1571 1587 1798 1660 pedibus
1817 1587 2104 1643 insidiante
2131 1590 2273 1644 conf.
2295 1590 2532 1643 Martial.
2549 1589 2692 1651 XII,

546 1693 635 1744 173
656 1672 881 1726 Luciani
898 1671 1083 1744 Epigr.
1103 1671 1348 1734 xxvu,
1366 1671 1423 1722 in
1442 1671 1678 1724 Brunck.
1698 1671 1855 1725 Anal.
1879 1684 2005 1726 tom.
2031 1673 2100 1738 11,
2123 1693 2246 1745 pag.
2265 1676 2385 1736 313,
2407 1687 2460 1727 et
2471 1671 2689 1726 Jacobs.

541 1757 613 1810 ad
640 1756 861 1811 Anthol.
891 1755 989 1810 Gr.
1023 1755 1149 1809 Vol.
1172 1755 1249 1818 ΙΙ,
1274 1767 1413 1826 part.
1443 1754 1530 1817 ΙΙ,
1559 1770 1684 1826 pag.
1710 1761 1810 1826 4²7
1841 1775 1950 1828 aeq.
1971 1749 2054 1798 -'
2073 1761 2270 1822 Ladas,
2301 1759 2458 1812 velox
2487 1777 2689 1816 cursor.

542 1843 721 1914 qualis
753 1840 859 1894 fuit
882 1837 1076 1905 Ladas,
1106 1857 1296 1900 cursor
1327 1837 1618 1892 Alexandri
1655 1839 1868 1910 Magni,
1895 1840 1990 1912 qni
2029 1841 2084 1893 in
2121 1842 2425 1915 Olympicis.
2455 1842 2693 1913 palmam

544 1925 698 1990 tulit3
720 1921 833 1976 vid.
863 1923 1039 1995 intpp.
1074 1922 1275 1976 Catull.
1297 1921 1414 1988 Lv,
1450 1921 1513 1974 ²5
1531 1941 1546 1987 3
1567 1921 1806 1976 Martial.
1835 1921 1917 1989 11,
1941 1923 2038 1986 863
2070 1923 2154 1989 X,
2192 1942 2316 1990 1003
2341 1924 2573 1978 Pausan.
2605 1923 2691 1988 11,

546 2027 629 2078 19,
658 2012 721 2074 63
760 2009 883 2073 111,
903 2023 989 2070 ιι,
1015 2007 1267 2073 13v111,
1296 2024 1378 2069 n,
1404 2005 1463 2070 33
1484 2005 1556 2066 X,
1595 2003 1691 2068 23,
1727 2023 1782 2073 9.
1801 2009 2058 2058 -Simm
2077 2011 2460 2079 egetAnticyra‚
2485 2011 2691 2058 neeAr-

540 2091 779 2159 ebigene,
819 2089 987 2143 facete
1014 2107 1145 2160 pro,
1175 2090 1223 2142 si
1259 2106 1420 2142 sanus
1451 2101 1560 2153 est,
1600 2088 1650 2140 si
1691 2087 1846 2160 sapit.
1887 2092 2120 2158 Antiopa
2146 2109 2248 2163 pro
2281 2089 2562 2143 helleboro
2601 2107 2693 2141 seu

542 2185 757 2226 veratro
772 2211 787 2235 ,
813 2174 967 2243 cujus
992 2171 1491 2241 praestantiasimum
1515 2187 1682 2241 genua
1707 2170 2028 2224 nascebatur
2055 2175 2454 2245 putabaturque
2472 2171 2693 2243 Anticy-

541 2277 639 2321 τω,
670 2257 863 2330 cuique
881 2255 961 2310 vis
979 2253 1242 2308 stomachi
1262 2255 1572 2326 ventrisque
1592 2252 1931 2320 insanorum,
1955 2255 2250 2310 delirorum
2266 2298 2281 2323 ,
2304 2269 2403 2309 etc.
2423 2253 2694 2328 purgandi

544 2340 741 2403 inerat,
781 2337 921 2409 inpr.
945 2337 1041 2388 ubi
1067 2337 1127 2390 in
1156 2337 1252 2390 illa
1282 2337 1417 2389 urbe
1434 2376 1450 2404 ,
1476 2337 1561 2390 vel
1589 2337 1769 2391 insula
1797 2337 2104 2394 bibebatur.
2134 2339 2292 2393 Conf.
2321 2340 2468 2392 Pers.
2498 2339 2596 2402 lv,
2627 2341 2692 2390 16

544 2421 682 2490 (uhi
715 2420 825 2474 vid.
853 2420 1165 2474 Fulleborn.
1199 2438 1326 2493 pag.
1356 2421 1454 2486 88,
1488 2420 1596 2488 89)
1627 2421 1819 2474 Horat.
1863 2422 1974 2474 Sat.
2011 2423 2098 2486 ΙΙ,
2130 2421 2190 2487 3,
2215 2421 2302 2485 83,
2337 2424 2467 2486 166,
2499 2432 2554 2474 et
2579 2421 2693 2472 Art.

546 2505 696 2558 Poet.
734 2505 865 2569 300,
912 2503 1016 2556 loc.
1046 2503 1204 2560 class,
1232 2504 1375 2557 Gen.
1413 2504 1580 2556 XVII
1597 2542 1612 2570 ,
1663 2505 1754 2568 15,
1795 2516 1852 2557 et
1876 2504 2016 2558 Plin.
2043 2505 2224 2569 XXV,
2250 2505 2278 2560 ⁵
2296 2545 2312 2572 ,
2351 2523 2445 2559 een
2472 2524 2533 2558 οι
2557 2543 2572 2569 ,
2597 2504 2697 2557 ubi

547 2587 691 2641 conf.
716 2585 887 2640 Hard.
914 2588 1170 2652 Antiqua,
1189 2577 1426 2660 Ᾰντίκυρα
1444 2591 1652 2659 (propr.
1673 2575 1948 2658 Ᾰντίκιρῥα,
1965 2586 2172 2640 Cirrha
2201 2587 2476 2656 adversa),
2495 2605 2694 2642 nomen

545 2671 779 2726 duarum
800 2671 1017 2723 urbium
1035 2672 1425 2725 maritimarum
1440 2671 1495 2722 in
1516 2669 1755 2723 Phocide
1770 2669 1842 2721 ad
1852 2671 2028 2723 sinum
2040 2671 2322 2725 Crissaeum
2337 2671 2460 2726 etin
2472 2671 2696 2724 Phthio·

546 2753 658 2807 tide
694 2753 766 2808 ad
794 2753 1088 2807 Maliacum
1118 2755 1313 2808 sinum.
1349 2753 1582 2824 Utrique
1611 2752 1878 2804 hellebori
1912 2766 2205 2825 proventus
2234 2754 2522 2819 tribuitur,
2552 2753 2634 2805 illi
2660 2771 2694 2806 a

542 2836 769 2892 Bauzan.
806 2837 862 2889 in
892 2837 1013 2890 loco
1056 2837 1313 2902 classico,
1354 2837 1440 2897 X,
1485 2836 1586 2901 36,
1617 2835 1746 2888 huic
1783 2853 1816 2888 a
1846 2835 2121 2909 Stephano
2161 2850 2215 2890 et
2253 2838 2534 2901 Strabone,
2571 2837 2653 2889 IX
2671 2874 2686 2898 ,

436 2969 447 2978 .
542 2943 667 2997 pag.
720 2924 1015 2994 288—299.

615 3093 753 3140 Vaa-
790 3107 876 3154 97.
912 3092 993 3138 Ne
1016 3091 1207 3138 restitui
1228 3106 1291 3138 ex
1318 3107 1379 3151 a,
1404 3105 1487 3148 ιι,
1516 3085 1602 3148 25,
1631 3083 1866 3150 56-60‚
1893 3093 1957 3140 62
1976 3127 1990 3152 ‚
2012 3093 2080 3148 64
2097 3127 2111 3152 ,
2133 3093 2217 3152 66,
2241 3095 2328 3151 68,
2350 3095 2438 3154 69,
2467 3093 2690 3153 71—76,

552 3181 601 3222 et
626 3171 883 3222 nonnullis
906 3173 1043 3221 MSS.
1062 3167 1218 3222 Paris.
1238 3174 1371 3232 Nee,
1405 3189 1447 3233 ι,
1477 3174 1523 3232 3,
1553 3175 1600 3234 5,
1627 3188 1710 3236 10,
1745 3189 1825 3235 ιι,
1849 3190 1937 3235 12,
1971 3185 2196 3234 14-——2o‚
2229 3191 2290 3224 22
2310 3209 2325 3236 ‚
2356 3179 2451 3235 23,
2483 3185 2582 3235 aa,
2611 3191 2695 3236 27,

551 3257 773 3316 45-50,
805 3256 898 3315 54,
936 3257 1019 3315 55,
1050 3257 1139 3317 61,
1169 3256 1257 3316 63,
1284 3258 1367 3314 65,
1394 3257 1481 3316 67,
1513 3269 1596 3318 7ο,
1628 3271 1712 3317 77,
1739 3255 1824 3306 82.
1855 3257 2002 3320 Non,
2041 3274 2120 3306 11.
2148 3257 2317 3306 Malim
2353 3257 2483 3304 Num
2517 3257 2702 3306 dubitet

1397 3429 1860 3450 mmmm

628 3573 647 3599 ¹
684 3564 804 3616 Vid.
825 3565 953 3615 Plut.
976 3563 1038 3611 de
1057 3563 1123 3613 1⁸.
1142 3573 1189 3610 et
1207 3563 1337 3611 Osir.
1348 3577 1455 3628 cap.
1478 3564 1545 3612 63
1565 3598 1581 3623 ,
1671 3577 1898 3625 expressa
1939 3571 2011 3609 est
2035 3559 2055 3628 )
2078 3577 2094 3621 3
2142 3560 2292 3610 Oisel.
2342 3561 2490 3608 Thes.
2548 3577 2685 3611 num.

556 3645 829 3695 Broekhm.
862 3657 910 3694 et
938 3645 1102 3708 Heyn.
1136 3643 1199 3691 ad
1232 3643 1415 3690 Tibull.
1444 3647 1493 3704 1,
1524 3645 1580 3705 3,
1671 3641 1772 3690 tab.
1796 3651 1858 3703 47
1882 3651 1930 3688 et
1951 3657 2064 3701 117,
2081 3649 2130 3688 et
2146 3640 2200 3688 in
2219 3640 2407 3689 Comm.
2427 3657 2539 3706 pag.
2562 3641 2662 3690 566
2677 3661 2693 3704 ς

560 3728 660 3783 243
694 3723 873 3772 Isidor.
914 3723 1175 3788 0rig.11‚
1217 3737 1311 3782 αἱ,
1346 3725 1446 3783 111,
1492 3725 1581 3781 133
1669 3721 1856 3768 Maffei.
1875 3721 2016 3768 Gem.
2038 3737 2119 3768 an.
2139 3722 2196 3768 T.
2221 3723 2296 3779 11,
2321 3730 2440 3768 tom.
2472 3723 2526 3782 1,
2548 3739 2606 3778 α,
2635 3723 2690 3782 33

559 3805 698 3852 Serv.
742 3800 805 3849 ad
838 3803 979 3866 Virg.
1015 3801 1209 3850 AEneid.
1250 3803 1404 3860 vm,
1442 3801 1579 3864 6963
1667 3801 1821 3864 Spon.
1846 3811 1949 3850 ant.
1979 3817 2112 3848 mon.
2135 3801 2420 3862 Jablonski,
2442 3802 2536 3848 loe.
2557 3801 2689 3849 laud.

558 3878 771 3930 Fabricii
802 3882 1048 3945 Antiquit.
1082 3897 1191 3946 pag.
1223 3897 1355 3940 ποίη
1390 3877 1582 3928 Schotti
1670 3879 1915 3927 Bac-hierii
1949 3889 1998 3926 et
2029 3880 2180 3928 Tollii
2207 3871 2414 3930 Disesin
2445 3881 2541 3928 vol.
2567 3882 2690 3942 vm

560 3960 705 4010 Obss.
744 3962 813 4018 11,
854 3961 912 4017 ὃς
950 3961 1108 4024 intpp.
1147 3963 1340 4009 Petron.
1378 3977 1399 4008 1
1415 3969 1475 4017 ιε
1494 3997 1508 4022 ,
1533 3971 1583 4010 et
1668 3959 1818 4008 Thes.
1839 3959 2000 4008 Graev.
2017 3959 2228 4008 Fahretti
2242 3961 2552 4024 Inscriptt.p.
2573 3961 2692 4020 467,

562 4043 709 4105 Prop.
744 4041 847 4098 111,
887 4056 945 4104 9,
983 4041 1079 4100 43,
1114 4043 1315 4091 Gruter.
1352 4044 1581 4106 Inscript.
1675 4041 1803 4098 4883
1823 4039 2688 4104 BottigeriSabina,pag.ao4,2o5;

562 4137 673 4188 pag.
706 4121 769 4170 82
786 4156 803 4184 ,
828 4121 891 4169 ι’
921 4121 947 4168 3
978 4129 1025 4168 et
1052 4127 1085 4177 4
1112 4119 1237 4188 (nbi
1261 4123 1424 4188 imago
1451 4121 1582 4170 sistri
1675 4121 1926 4171 Creuzer’s
1941 4119 2182 4182 Spnbolik
2198 4155 2212 4181 ,
2229 4131 2345 4170 tom.
2369 4122 2418 4180 1,
2435 4133 2544 4183 pag.
2571 4119 2688 4166 335.
