3050 4884
649 366 736 434 68
1255 366 1338 428 D.
1388 363 1663 428 JUNII
1707 362 2260 429 IUVENALIS

649 476 938 548 Provida
967 479 1292 575 Pompeio
1319 476 1593 545 dederat
1614 476 1982 569 Campania
2016 476 2229 546 febres

646 590 1036 685 Optandas3
1077 589 1190 659 sed
1221 586 1448 657 multae
1473 589 1677 657 urbes
1702 602 1771 656 et
1796 585 2063 681 publica
2086 602 2245 655 vota

645 704 978 771 Vicerunt
1011 726 1027 769 ε
1065 702 1270 795 igitur
1297 702 1601 767 Fortuna
1636 697 1877 791 ipsiuS,
1908 710 1977 765 et
2008 698 2215 766 Urbis
2234 748 2255 783 ,
2690 712 2785 766 285

643 816 997 880 Servatum
1036 812 1216 878 victo
1253 823 1455 901 caput
1489 806 1782 877 abstulit.
1814 808 1965 875 Hoc
1998 806 2303 875 cruciatu

643 918 1006 1005 Lentulus3
1042 918 1169 987 hac
1197 941 1396 1010 poena
1423 916 1672 1003 caruit,
1703 914 2079 1009 ceciditque
2104 914 2446 1008 Cethegus

641 1035 944 1125 Integer3
973 1044 1040 1097 et
1059 1029 1272 1122 jacuit
1291 1026 1580 1098 Catilina
1606 1025 1929 1095 cadavere
1950 1040 2117 1093 toto.

737 1144 1048 1209 Formam
1078 1152 1268 1233 optat
1301 1136 1572 1205 modico
1599 1134 1859 1230 pueris,
1892 1136 2150 1227 majore
2179 1132 2416 1227 puellis

640 1253 1030 1337 Murmure,
1067 1274 1278 1343 quum
1305 1246 1586 1315 Veneris
1624 1244 2083 1313 fanum.videt
2117 1244 2311 1313 anxia
2344 1258 2580 1329 mater,
2686 1275 2787 1325 290

641 1364 872 1457 Usque
897 1362 982 1429 ad
1019 1359 1292 1429 delicias
1323 1372 1662 1437 votorum.
1696 1396 1789 1407 —-
1816 1358 1960 1426 Cur
1992 1371 2253 1441 tamen,
2288 1354 2543 1450 inquit,

638 1466 1025 1564 Corripias?
1057 1464 1342 1561 pulchra
1377 1464 1625 1559 gaudet
1660 1466 1923 1533 Latona
1954 1465 2193 1534 Diana.

641 1621 733 1631 —-
759 1579 890 1647 Sed
923 1590 1098 1645 vetat
1125 1574 1342 1669 optari
1377 1572 1619 1641 faciem
1644 1575 1995 1659 Lucretia,
2034 1571 2301 1667 qualem

633 1692 790 1782 Ipsa
817 1687 1101 1757 habuitt
1133 1697 1411 1778 cuperet
1442 1682 1687 1752 Rutilae
1718 1683 2033 1775 Virginia
2070 1684 2355 1777 gibbum

643 1799 1010 1890 Accipere,
1036 1808 1236 1888 atque
1261 1818 1448 1861 suam
1471 1790 1716 1860 Rutilae
1744 1791 1922 1859 dare.
1950 1789 2163 1861 Filius
2189 1806 2409 1861 autem
2688 1802 2785 1871 295

636 1909 962 2003 Corporis
988 1904 1234 1999 egregii
1267 1902 1548 1970 miseros
1576 1900 2005 1994 trepidosque
2036 1915 2347 1994 parentes

637 2020 921 2111 Semper
947 2015 1152 2084 habet
1189 2039 1206 2081 ι
1255 2036 1404 2080 rara
1439 2024 1542 2079 est
1570 2008 1734 2077 adeo
1768 2009 2129 2079 concordia
2160 2009 2391 2079 formae

641 2131 863 2223 Atque
902 2120 1282 2222 pudicitiae!
1321 2136 1587 2192 sanctos
1614 2120 1771 2191 licet
1801 2122 2077 2191 horrida
2108 2146 2328 2191 mores

641 2332 878 2389 tonibus
905 2332 1389 2405 triumphaverat,
1423 2331 1676 2387 animam
1710 2330 1872 2387 velut
1896 2340 2165 2388 ovantem
2192 2328 2569 2404 exspirasset?
2601 2331 2787 2406 Expe-

639 2424 816 2481 tenda
841 2424 1031 2481 fuerat
1071 2424 1169 2479 illa
1194 2422 1472 2498 Pompeio
1507 2422 1716 2492 febris,
1754 2426 1913 2497 quai,
1952 2434 2226 2499 tanquam
2258 2422 2645 2479 calamitatum
2680 2425 2788 2498 ipsi

636 2517 1094 2593 impendentium
1113 2517 1347 2589 praescia
1363 2558 1379 2583 ,
1407 2516 1674 2573 eumdem
1700 2516 1763 2573 in
1790 2516 2099 2591 Campania
2125 2527 2455 2573 morantem
2480 2516 2781 2573 invaserat.

639 2608 759 2667 Sed
803 2618 940 2663 vota
979 2605 1228 2663 infelicia
1271 2606 1654 2679 plurimarum
1698 2606 1965 2678 urbium,
2011 2619 2070 2663 et
2110 2607 2316 2682 populi
2352 2608 2781 2679 benevolentia,
2818 2602 2826 2611 ’

636 2703 892 2775 Superos
933 2718 1042 2775 pro
1085 2698 1209 2771 ejus
1247 2698 1643 2760 incolumitate
1692 2698 2146 2772 comprecantis,
2196 2708 2368 2773 atque
2410 2698 2555 2755 adeo
2598 2699 2780 2757 satum

635 2790 941 2867 Pompeio,
963 2801 1021 2847 et
1038 2791 1238 2845 Romae
1258 2788 1543 2845 infensum
1558 2828 1575 2857 ‚
1596 2806 1627 2841 a
1648 2788 1774 2842 Diis
1794 2788 2203 2861 impetrarunt,
2224 2800 2291 2845 ut
2309 2808 2380 2845 eo
2400 2790 2610 2847 morbo
2628 2792 2781 2847 leva-

637 2898 820 2952 retur,
847 2901 1056 2956 nempe
1079 2893 1146 2937 ut
1166 2900 1200 2936 a
1228 2882 1450 2937 Caesare
1484 2878 1831 2947 debellatus,
1858 2878 2045 2952 capite
2070 2890 2475 2939 truncaretur:
2501 2900 2619 2956 quo
2639 2900 2777 2939 cru-

635 2980 822 3043 ciatu,
845 2994 965 3048 quo
993 2972 1278 3047 supplicio
1313 2971 1554 3027 affectus
1582 2989 1704 3026 non
1729 2982 1813 3027 est
1841 2973 2142 3042 Lentulus3
2168 2992 2289 3029 non
2324 2976 2637 3049 Cethegus,
2660 2995 2781 3033 non

638 3066 910 3133 Catilina,
939 3065 1042 3137 qui
1077 3064 1232 3119 nulla
1261 3062 1526 3136 corporis
1552 3074 1716 3135 parte
1738 3065 1933 3120 avulsa
1949 3104 1967 3133 ,
1990 3063 2203 3138 integri
2228 3066 2543 3139 perierunt.

717 3160 852 3235 289.
898 3160 1086 3212 Mater
1105 3156 1272 3209 anxia
1289 3195 1306 3221 ‚
1333 3156 1563 3229 quoties
1582 3156 1860 3229 templum
1882 3156 2126 3213 Veneris
2145 3155 2421 3228 intuetur,
2444 3156 2596 3213 filios
2617 3168 2781 3231 optat

633 3256 949 3317 formosos,
992 3246 1139 3301 filias
1175 3243 1355 3319 magis
1383 3245 1665 3302 formosas
1690 3266 1703 3301 :
1734 3266 1844 3319 pro
1882 3246 1993 3303 illis
2028 3264 2205 3320 parva
2233 3266 2405 3317 voce,
2436 3248 2539 3305 sed
2570 3249 2779 3322 majori

633 3363 744 3419 pro
776 3342 864 3397 his
893 3349 1190 3414 precatur;
1227 3354 1335 3392 nec
1365 3337 1609 3393 modum
1646 3338 1707 3393 in
1748 3338 1899 3395 votis
1930 3339 2113 3395 ullum
2146 3350 2321 3397 tenet.
2342 3372 2421 3383 —
2448 3340 2607 3409 Quid
2648 3340 2775 3396 vitii

633 3446 833 3491 votum
853 3434 1000 3489 istnc
1019 3429 1232 3487 habet?
1260 3448 1366 3485 cnr
1385 3448 1480 3485 me
1509 3430 1935 3504 reprehendas?
1964 3431 2152 3505 inquit
2173 3432 2269 3487 illa
2294 3450 2309 3487 :
2340 3450 2535 3487 nonne
2556 3434 2777 3488 Latona

629 3544 893 3599 magnam
933 3543 965 3580 e
1005 3522 1201 3579 Dianae
1231 3522 1665 3595 pulchritudine
1704 3522 2053 3596 voluptatem
2103 3532 2161 3578 et
2190 3521 2435 3597 gloriam
2477 3522 2669 3595 capit?
2699 3553 2775 3563 -

629 3620 880 3683 Fateor;
924 3624 982 3669 at
1016 3611 1284 3669 Lucretia
1323 3611 1675 3669 documento
1710 3622 1820 3682 est,
1863 3630 2036 3685 quam
2071 3612 2391 3687 periculosa
2424 3613 2497 3669 sit
2538 3612 2776 3689 insignis

628 3704 912 3780 ejusmodi
955 3704 1358 3777 pulchritudo,
1389 3707 1615 3779 qualem
1650 3702 1771 3777 ipsa
1814 3703 2057 3761 habuit:
2088 3724 2193 3761 nec
2235 3705 2495 3781 Virginia
2525 3706 2777 3763 libenter

629 3798 747 3855 oris
791 3796 879 3851 sui
910 3796 1247 3869 dignitatem
1278 3814 1409 3851 cum
1435 3795 1647 3851 Rutila
1676 3794 1856 3869 gibbo
1888 3816 2009 3853 non
2040 3808 2309 3854 mutaret.
2339 3798 2520 3853 Filius
2551 3798 2775 3854 liberali

627 3902 688 3947 et
715 3891 954 3945 honesta
997 3887 1140 3943 facie
1183 3888 1460 3962 pra’ditus
1493 3885 1824 3943 continuam
1864 3888 2201 3962 parentibus
2236 3888 2683 3946 sollicitudinem
2714 3902 2772 3947 et

563 4049 570 4055 ,
625 3994 842 4039 metum
867 3976 1038 4033 affert
1062 3998 1076 4033 ε
1099 3979 1314 4052 quippe
1343 3998 1480 4033 raro
1511 3990 1881 4033 venustatem
1910 3998 2039 4035 cum
2060 3978 2353 4051 pudicitia
2368 3980 2642 4049 junctam
2673 3998 2767 4035 re-

610 4076 838 4149 perias.
874 4067 1150 4141 Quamvis
1186 4088 1332 4143 puer
1367 4069 1603 4143 optimis
1638 4070 1899 4127 imbutus
1926 4070 2219 4139 moribus3
2246 4070 2506 4147 quamvis
2542 4071 2769 4129 domes-
