3050 4884
632 383 718 462 54
1180 385 1261 446 D.
1320 382 1598 446 JUNII
1655 379 2230 446 JUVENALIS

630 502 969 570 Occursus
998 498 1388 584 hominum,
1426 497 1622 589 cujus
1657 495 2020 589 prudentia
2055 509 2422 578 monstrat,

631 614 943 683 Summos
969 635 1167 707 posse
1196 613 1473 680 viros-et
1498 633 1744 702 magna
1775 606 2074 701 exempla
2108 606 2384 676 daturos

630 723 1016 790 Vervecum
1055 723 1125 789 in
1160 720 1378 815 patria
1406 743 1764 812 crassoque
1793 719 1918 787 sub
1943 743 2098 786 aere
2121 721 2326 787 nasci.
2707 732 2776 784 50

630 829 926 900 Ridebat
956 855 1185 918 curas,
1219 855 1345 900 nec
1376 853 1517 896 non
1557 844 1626 897 et
1662 829 1910 924 gaudia
1937 827 2159 922 vulgi,

631 941 987 1011 Interdum
1016 957 1087 1010 et
1116 940 1475 1035 lacrymas,
1510 963 1724 1032 quum
1761 944 2077 1008 Fortunae
2109 941 2252 1032 ipse
2285 939 2532 1006 minaci

630 1052 987 1121 Mandaret
1012 1050 1358 1146 laqueum,
1389 1049 1822 1143 mediumque
1853 1047 2236 1118 ostenderet
2261 1072 2577 1142 unguem.

632 1163 814 1254 Ergo
842 1185 1263 1255 supervacua
1286 1160 1466 1246 haec,
1500 1173 1620 1226 aut
1649 1159 2032 1251 perniciosa
2064 1171 2414 1251 petuntur,

631 1270 915 1364 Propter
938 1293 1089 1362 quae
1118 1269 1219 1337 fas
1248 1283 1349 1338 est
1376 1291 1598 1362 genua
1631 1268 1938 1337 incerare
1961 1268 2268 1336 deorum.
2711 1277 2775 1329 55

723 1377 1072 1466 Quosdam
1100 1377 1478 1471 praecipitat
1512 1379 1808 1470 subjecta
1843 1377 2146 1472 potentia
2173 1398 2434 1468 magnae

627 1487 943 1576 Invidioe3
978 1489 1227 1580 mergit
1258 1485 1463 1580 longa
1491 1501 1694 1580 atque
1727 1486 2012 1580 insignis
2041 1485 2382 1553 honorum

627 1596 910 1688 Pagina,
935 1594 1355 1665 descendunt
1372 1608 1634 1680 statuae,
1665 1610 2044 1687 restemque
2071 1607 2481 1684 sequuntur:

627 1709 815 1799 Ipsas
845 1704 1091 1773 deinde
1127 1716 1305 1778 rotas
1338 1703 1648 1796 bigarum
1680 1704 1972 1795 impacta
2003 1703 2258 1770 securis

631 1812 878 1900 Caedit,
910 1827 981 1885 et
1013 1812 1365 1880 immeritis
1396 1811 1810 1904 franguntur
1839 1834 2038 1879 crura
2069 1809 2376 1878 caballis:
2711 1831 2780 1878 60

627 1923 667 1991 J
670 1947 779 1990 am
812 1921 1105 1991 stridunt
1133 1923 1354 2015 ignes;
1384 1919 1527 2013 jam
1563 1919 1836 1990 follibus
1867 1935 2066 2014 atque
2101 1919 2378 1988 caminis

628 2032 840 2104 Ardet
869 2032 1221 2102 adoratum
1249 2030 1507 2125 populo
1539 2047 1774 2126 caput,
1807 2047 1876 2100 et
1909 2047 2135 2124 crepat
2169 2033 2406 2124 ingens

627 2141 954 2235 Sejanus3
992 2141 1243 2211 deinde
1276 2166 1359 2209 ex
1385 2141 1562 2212 facie
1586 2155 1734 2210 toto
1761 2141 1924 2210 orbe
1949 2140 2246 2210 secunda

628 2252 836 2322 Fiunt
859 2249 1149 2336 urceoli,
1180 2248 1435 2344 pelveS,
1464 2265 1728 2344 sartago
1741 2301 1760 2338 ‚
1793 2251 2072 2346 patellae.

626 2456 1001 2527 occurrebat,
1032 2455 1265 2512 ridendi
1304 2473 1503 2512 ansam
1531 2455 1672 2512 inde
1713 2457 2010 2530 oeptabat,
2048 2459 2232 2516 homo
2261 2455 2742 2534 prudentissimus
2759 2499 2778 2526 ,

626 2548 731 2625 qui
762 2549 1116 2605 documento
1144 2558 1233 2604 est
1270 2547 1770 2623 praestantissimos
1807 2549 1997 2619 viros,
2037 2563 2098 2606 et
2125 2569 2463 2628 magnarum
2487 2551 2776 2608 virtutum

626 2643 887 2716 exempla
912 2639 1255 2716 prodituros
1268 2681 1285 2714 ,
1306 2657 1477 2716 posse
1496 2639 1562 2697 in
1579 2639 1826 2698 barbara
1853 2653 1912 2698 et
1936 2641 2156 2700 inculta
2175 2643 2443 2720 regione,
2461 2659 2774 2699 vervecum

624 2732 849 2809 patria,
874 2731 982 2788 ubi
1007 2750 1109 2790 aer
1126 2731 1363 2809 pinguis
1380 2731 1674 2806 hebesque
1699 2733 1804 2802 sit,
1827 2733 2002 2790 nasci.
2033 2735 2374 2810 Exeipiebat
2401 2735 2521 2792 risu
2549 2746 2778 2794 morta-

621 2825 767 2882 lium
790 2841 955 2882 curas
976 2835 1036 2881 et
1059 2824 1342 2896 laetitiam3
1364 2823 1678 2898 aliquando
1705 2824 1876 2880 etiam
1901 2824 2102 2882 fletum
2127 2845 2196 2884 ac
2219 2845 2531 2883 moerorem
2551 2847 2568 2896 3
2591 2845 2773 2899 quum

620 2919 746 2994 ipse
770 2917 1008 2974 interim
1028 2916 1211 2974 minas
1237 2915 1488 2973 fortunae
1514 2915 1863 2990 despiciens,
1899 2917 2082 2991 ipsam
2103 2918 2192 2976 ire
2215 2919 2424 2975 malam
2453 2919 2516 2972 in
2537 2935 2772 2974 crucem

616 3009 853 3084 juberet
868 3049 887 3079 ,
904 3007 1277 3083 mediumque
1304 3007 1554 3084 digitum
1575 3007 1940 3066 contumeliae
1959 3027 2154 3080 caussa
2175 3009 2572 3084 protenderet.
2586 3007 2778 3084 Igitur

618 3101 817 3158 inania
846 3110 981 3156 sunt
997 3140 1015 3171 ‚
1053 3100 1150 3154 vel
1190 3099 1437 3158 exitialia
1453 3141 1473 3168 ‚
1518 3119 1648 3175 quae
1687 3100 2097 3176 concipiuntur
2137 3121 2171 3158 a
2211 3103 2554 3160 mortalibus
2591 3111 2772 3170 vota3

622 3211 879 3271 quorum
906 3202 975 3247 ut
1002 3201 1303 3265 compotes
1328 3189 1497 3262 fiant,
1537 3191 1711 3248 licere
1748 3191 1858 3248 sibi
1898 3193 2260 3252 arbitrantur
2283 3215 2474 3253 cereas
2511 3194 2780 3252 candelas.

621 3296 753 3343 ante
781 3283 1085 3358 simulacra
1110 3282 1401 3356 Superum
1434 3283 1501 3340 iu
1532 3282 1762 3358 templis
1789 3286 2122 3344 accendere.

702 3374 801 3433 56.
842 3376 995 3432 Sunt
1022 3373 1233 3448 quibus
1260 3385 1349 3429 est
1378 3373 1559 3430 exitio
1587 3375 1770 3432 nimia
1803 3379 2091 3451 potentia,
2119 3397 2342 3454 magnae
2373 3377 2647 3435 videlicet
2671 3378 2766 3434 in-

620 3467 793 3526 vidiae
835 3465 1111 3525 obnoxia.
1143 3464 1348 3522 Perdit
1376 3464 1534 3540 ipsos
1579 3468 1754 3544 longa
1782 3471 2079 3527 honorum
2113 3471 2290 3528 series
2322 3489 2390 3527 ac
2423 3469 2763 3527 titulorum:

620 3562 1011 3620 deturbantur
1037 3579 1070 3616 e
1098 3577 1201 3615 sua
1225 3559 1351 3620 basi
1374 3569 1607 3631 statuae,
1635 3560 1873 3622 funibus
1901 3565 2275 3638 dejiciuntur,
2303 3585 2370 3622 ac
2395 3583 2504 3642 per
2528 3567 2772 3621 humum

619 3665 954 3731 raptarum-3
973 3671 1251 3710 curruum
1271 3653 1710 3729 triumphalium
1731 3666 1877 3713 rotae
1899 3657 2380 3715 comminuuntur
2393 3658 2656 3732 impactis
2677 3677 2768 3715 se-

622 3746 891 3815 curibus,
914 3756 974 3802 et
994 3744 1435 3803 immerentibus
1457 3746 1622 3820 equis
1643 3765 1813 3805 crura
1829 3749 2276 3827 suffringumur.
2300 3751 2516 3807 Audin’
2537 3762 2606 3806 ut
2623 3750 2774 3826 ignis

620 3837 901 3914 crepitet?
918 3847 987 3892 ut
1005 3836 1070 3892 in
1086 3837 1381 3893 fornacem
1398 3837 1730 3910 conjectum
1751 3859 1992 3898 aureum
2013 3845 2163 3900 illud
2183 3843 2374 3918 Seiani
2393 3853 2584 3917 caput,
2605 3843 2769 3917 quod

619 3932 863 4007 supplex
889 3929 1069 3986 modo
1098 3929 1398 4004 plebecula
1420 3932 1827 4005 venerabatur,
1853 3935 2090 3992 follibus
2113 3934 2402 3992 flammam
2429 3935 2775 3992 acuentibus

614 4021 921 4102 liquefiat?
949 4031 1019 4078 ut
1040 4021 1245 4098 ingens
1276 4022 1401 4098 ipsa
1432 4023 1626 4099 Sejani
1659 4036 1842 4083 statua
1873 4025 2188 4103 deflagret?
2208 4039 2277 4084 ut
2305 4047 2338 4084 e
2364 4029 2565 4098 vultu,
2591 4045 2767 4102 quem

615 4120 687 4176 ab
715 4116 1096 4194 imperatorio
1126 4117 1443 4173 secundum
1474 4118 1636 4175 orbis
1671 4119 1980 4191 adorabat,
2015 4118 2240 4177 urceoli
2265 4119 2612 4190 conflentur,
2639 4120 2768 4194 pel-
