3050 4884
749 336 1146 405 sATmAE
1197 338 1619 414 nEcmAE
1663 343 2173 413 ANALYSIS.
2440 353 2527 435 49

939 720 1419 879 SATI'RAE
1479 786 2017 891 DECIMAE„

1229 970 1609 1026 ANALYSI
1622 970 1681 1027 S.

461 1206 649 1267 Satira
665 1208 785 1264 haec
805 1206 1078 1283 praeclara
1104 1214 1216 1279 est,
1241 1217 1300 1264 et
1326 1206 1391 1263 in
1411 1204 1838 1282 perfectissimis
1863 1207 2157 1265 luvenalis
2179 1208 2527 1269 carminibus

380 1312 840 1385 adnumeranda,
861 1332 990 1389 quae
1010 1324 1202 1370 tamen
1223 1310 1579 1369 tractationis
1592 1309 1773 1388 magis
1793 1310 2205 1389 philosophicae
2221 1308 2316 1371 vel
2336 1315 2527 1375 decla-

381 1416 650 1475 mationis
663 1458 682 1488 ‚
709 1437 884 1493 quam
911 1417 1096 1477 satirae
1123 1416 1370 1491 speciem
1397 1434 1518 1491 prae
1548 1435 1609 1473 se
1648 1416 1803 1472 ferre
1839 1414 2094 1474 videtur.
2122 1420 2301 1477 Poeta
2326 1432 2526 1480 noster

380 1520 580 1593 docet,
605 1521 870 1579 homines
897 1532 1126 1579 tantum
1149 1539 1270 1577 non
1297 1539 1494 1578 omnes
1518 1540 1727 1597 parum
1756 1506 2112 1599 intelligere,
2146 1544 2273 1600 quae
2301 1544 2441 1583 vera
2468 1538 2527 1585 et

381 1644 510 1699 quae
551 1625 786 1701 opinata
825 1626 1150 1696 sint-bona,
1183 1644 1424 1700 eamque
1465 1626 1544 1683 ob
1584 1645 1807 1683 causam
1844 1628 2113 1686 omnibus
2155 1629 2334 1705 vulgo
2373 1631 2526 1687 votis

380 1740 684 1805 expetere,
712 1750 840 1805 quae
862 1730 974 1789 sibi
992 1731 1256 1788 nocitura
1279 1728 1412 1786 sint.
1439 1729 1591 1787 Hinc
1614 1732 1917 1790 rhetorum
1934 1752 2098 1791 more
2112 1774 2131 1805 ,
2155 1750 2330 1809 quem
2352 1735 2525 1793 etiam

377 1834 444 1895 in
473 1836 593 1894 sat.
621 1836 772 1893 XIII
809 1842 1085 1911 sequutus
1125 1848 1234 1909 est,
1266 1836 1613 1912 primum⁴in
1644 1836 1888 1894 exordio
1928 1835 2091 1911 quasi
2117 1836 2381 1895 breviter
2404 1858 2525 1899 me-

316 1939 335 1949 ”
376 1952 597 2013 morat,
622 1940 834 1999 deinde
861 1940 1093 2016 copiose
1113 1941 1484 2017 persequitur
1505 1956 1571 1998 ea
1597 1941 1780 2014 bona,
1803 1962 2057 2018 quorum
2084 1943 2398 2019 cupiditate
2421 1947 2525 2005 de-

377 2043 710 2121 siderioque
721 2045 970 2102 maxime
988 2044 1282 2115 ardemus,
1309 2055 1367 2101 et
1379 2062 1553 2120 quam
1564 2046 1741 2102 noxia
1753 2046 2084 2122 optantibus
2100 2066 2164 2104 ea
2179 2049 2523 2127 plerumque

375 2151 495 2209 sint
517 2171 584 2208 ac
603 2151 851 2222 fuerint,
878 2149 1180 2227 aptissimis
1207 2149 1461 2207 ostendit
1479 2151 1789 2227 exemplis,
1820 2170 1893 2208 ex
1912 2152 2154 2211 historia
2176 2153 2517 2232 desumptis;

375 2274 505 2330 quae
524 2252 759 2329 quidem
787 2254 1003 2329 optima
1026 2251 1317 2328 probandi
1337 2252 1484 2309 ratio
1514 2265 1617 2310 est.
1643 2256 1923 2330 Exempla
1944 2257 2101 2313 enim
2126 2257 2201 2314 ad
2222 2278 2369 2333 rem,
2391 2282 2520 2337 quae

375 2360 726 2435 explicatur,
756 2356 1114 2435 perspicuam
1140 2356 1311 2413 nobis
1341 2356 1703 2415 reddendam
1739 2360 1915 2436 longe
1953 2361 2084 2436 plus
2112 2364 2310 2420 valent
2343 2384 2520 2443 argu-

375 2466 607 2538 mentis,
624 2463 1015 2539 efficiuntque,
1032 2474 1102 2519 ut
1115 2464 1300 2519 lector
1322 2460 1408 2518 rei
1427 2462 1753 2535 veritatem,
1774 2482 1947 2537 quam
1964 2475 2127 2521 antea
2146 2482 2521 2543 perspexerat

373 2570 667 2641 universe,
685 2588 842 2625 nunc
863 2568 1027 2645 quasi
1043 2578 1176 2623 ante
1199 2566 1397 2623 oculos
1421 2564 1637 2622 videat.
1660 2568 1733 2623 In
1749 2566 1859 2624 hac
1878 2568 2115 2642 quidem
2138 2569 2516 2644 dispositione

369 2678 624 2753 partium
653 2688 712 2732 et
739 2674 1180 2748 conjunctione,
1203 2672 1387 2747 qualis
1413 2671 1585 2729 etiam
1613 2682 1699 2729 est
1719 2671 1781 2727 in
1799 2673 1919 2729 Sat.
1944 2672 2030 2728 vl
2058 2682 2118 2728 et
2136 2674 2321 2747 XIII,
2356 2682 2516 2738 nulla

370 2780 630 2838 cernitur
658 2797 750 2835 ars
773 2776 998 2853 poetica
1020 2775 1192 2853 (nam
1211 2774 1448 2850 singulae
1471 2793 1541 2830 eo
1572 2774 1781 2831 ordine
1809 2791 1990 2846 eaque
2016 2774 2373 2851 transitione,
2398 2799 2515 2855 qua

368 2889 434 2945 in
461 2883 877 2944 declamatione
900 2881 1117 2956 aliqua,
1147 2880 1260 2938 sibi
1299 2878 1615 2943 succeiunt
1634 2877 1687 2955 );
1724 2888 1785 2933 at
1819 2886 1978 2932 tanto
2007 2875 2193 2950 major
2217 2877 2282 2934 in
2313 2899 2512 2941 earum

368 2990 778 3062 exornatione,
807 3004 934 3063 quoe
961 2983 1316 3044 admirabilis
1347 2993 1432 3039 est
1459 2992 1518 3039 et
1540 2978 2024 3039 excellentissima.
2046 3012 2126 3022 -
2141 2981 2307 3039 Idem
2334 3003 2509 3061 argu..

366 3108 656 3167 mentum,
684 3104 893 3170 praeter
917 3087 1541 3165 Lucianum(1carom.
1570 3104 1700 3163 pag.
1730 3084 1841 3141 205
1858 3126 1877 3157 ,
1904 3096 1963 3143 et
1986 3084 2316 3161 Navig.'seu
2335 3064 2507 3163 ‘Vota,

368 3221 499 3278 pag.
533 3208 670 3277 491,
711 3210 854 3256 tom.
895 3198 981 3266 Π,
1027 3194 1163 3252 edit.
1194 3190 1428 3272 Graev.)
1457 3204 1515 3249 et
1554 3192 1927 3249 Aristotelem
1956 3191 2215 3267 aliosque
2242 3194 2506 3269 Graecae,

367 3324 622 3382 quorum
645 3302 784 3359 libri
811 3298 925 3380 nup>
946 3302 1120 3383 Εᾶχῆς
1137 3318 1169 3354 a
1196 3296 1426 3354 Laertio
1446 3307 1505 3354 et
1523 3298 1731 3355 Proclo
1753 3297 2081 3366 laudantur,
2103 3297 2335 3372 copiose
2360 3310 2506 3359 trac-

367 3411 513 3469 tavit
532 3410 694 3467 Plato
712 3409 776 3465 in
799 3407 988 3465 Alcib.
1013 3406 1102 3475 11,
1128 3404 1230 3479 qui
1249 3403 1538 3480 dialogus,
1558 3403 1765 3479 passim
1787 3403 1851 3458 in
1874 3404 2197 3459 Comment-
2220 3400 2503 3478 laudatus,
2576 3452 2581 3459 .

363 3514 616 3575 Socratis
641 3514 901 3599 contiqet
928 3509 1252 3568 doctrinam
1279 3507 1352 3564 de
1374 3507 1670 3582 precibus,
1714 3525 1883 3581 quam
1912 3505 1973 3561 in
2002 3503 2314 3578 Epitomen
2342 3513 2503 3585 quasi

365 3621 644 3696 redegere
675 3606 949 3693 Xendph.
977 3614 1300 3672 Memorab.
1332 3613 1556 3669 Socrat.
1584 3613 1611 3666 1
1630 3650 1645 3679 ,
1680 3609 1737 3679 3,
1778 3628 1829 3677 1,
1858 3618 1916 3664 et
1954 3610 2146 3665 Valer.
2178 3610 2335 3666 Max.
2362 3614 2501 3683 VII,

367 3745 402 3783 α
421 3767 438 3795 ,
465 3736 580 3781 ext.
619 3743 672 3792 1,
704 3740 956 3797 quorum
989 3718 1168 3776 verba
1205 3717 1357 3773 infra
1397 3714 1472 3772 ad
1499 3733 1583 3770 vs.
1634 3714 1746 3783 347
1780 3730 1895 3787 seq.
1927 3712 2218 3788 adscripsi.
2250 3715 2503 3773 Platonis

365 3832 659 3906 dialogum
685 3824 977 3885 Iuvenalis
1005 3836 1138 3881 ante
1168 3824 1368 3880 oculos
1391 3820 1655 3878 habuisse
1686 3818 1941 3891 videtur,
1970 3819 2075 3876 etsi
2102 3830 2285 3877 totam
2321 3840 2394 3878 ex
2430 3842 2500 3878 eo

364 3938 611 3995 satiram
641 3952 966 4009 expressam
993 3950 1112 3989 esse
1144 3930 1316 3987 nobis
1343 3947 1464 3984 non
1495 3925 1777 4002 persuasit
1800 3924 2071 3981 Heinsius
2101 3925 2175 3982 de
2204 3926 2323 3983 Sat.
2352 3928 2500 3983 Hor.

364 4061 492 4118 pag.
530 4059 656 4112 ¹⁰7·
687 4040 757 4094 In
778 4035 1022 4093 secunda
1049 4034 1216 4091 etiam
1245 4030 1424 4087 Persii
1453 4030 1641 4086 Satira
1667 4028 2037 4103 reperiuntur
2058 4030 2318 4104 quaedam
2342 4032 2503 4087 velut

534 4144 625 4209 ιι.
1640 4150 1648 4153 ·
2156 4138 2198 4211 4
