3050 4884
1013 285 1361 350 SATIRA
1404 285 1799 354 DECIMA.
2373 295 2455 362 65

328 395 597 484 Suetus,
636 397 786 466 hiat
808 411 1101 482 tantum,
1136 425 1257 470 ceu
1293 397 1514 493 pullus
1551 399 1968 489 hirundinis,
2009 403 2093 472 ad
2129 431 2327 499 quem

330 505 465 574 Ore
487 505 674 576 volat
698 506 898 604 pleno
925 523 1133 577 mater
1149 509 1403 602 jejuna.
1434 507 1568 576 Sed
1603 513 1790 577 omni

329 611 797 688 Membrorum
828 619 1078 686 damno
1115 618 1329 710 major
1353 617 1717 704 dementia,
1748 645 1896 714 quae
1929 647 2054 692 nec
2083 615 2088 620 ⁸

331 728 628 796 Nomina
656 752 1007 797 servorum
1024 781 1043 814 ,
1072 751 1201 796 nec
1232 725 1493 796 vultum
1518 731 1820 820 agnoscit
1845 733 2076 820 amici,

330 837 497 905 Cum
528 861 671 930 quo
710 839 1047 933 praeterita
1076 837 1363 905 coenavit
1394 851 1631 924 nocte3
1667 862 1795 907 nec
1827 837 1972 910 illos
1991 893 2012 929 ‚
2369 861 2467 914 235

330 943 515 1032 Quos
552 948 828 1040 genuit,
857 971 1025 1041 quos
1053 945 1281 1015 eduxit
1312 970 1329 1013 ε
1370 971 1525 1014 nam
1554 947 1786 1017 codice
1812 974 1988 1018 saevo

332 1056 629 1124 Heredes
671 1070 854 1125 vetat
884 1080 1025 1125 esse
1062 1081 1247 1143 suos;
1290 1055 1472 1123 bona
1507 1070 1648 1124 tota
1681 1057 1994 1127 feruntur

334 1165 434 1232 Ad
465 1163 753 1234 Phialen
787 1193 804 1234 ε
838 1181 1102 1236 tantum
1130 1163 1403 1234 artificis
1430 1163 1609 1235 valet
1638 1166 1884 1236 halitus
1922 1169 2144 1256 horiS,

335 1275 531 1364 Quod
561 1291 844 1346 steterat
874 1275 1100 1346 multis
1129 1279 1199 1344 in
1230 1301 1497 1346 carcere
1521 1275 1797 1346 fornicis
1823 1275 2052 1348 annis!

428 1385 531 1454 Ut
561 1387 841 1480 vigeant
868 1412 1097 1456 sensus
1120 1387 1361 1472 animi,
1384 1385 1692 1454 ducenda
1720 1402 1946 1457 tamen
1972 1404 2130 1458 sunt
2191 1421 2198 1428 ·
2377 1415 2478 1470 240

339 1497 595 1564 Funera
632 1512 951 1566 natorum
968 1549 988 1583 ‚
1015 1521 1218 1590 rogus
1242 1495 1711 1590 adspiciendus
1737 1511 1968 1566 amatae

337 1605 698 1700 ConjugiS,
741 1622 808 1674 et
839 1605 1097 1691 fratriS‚
1133 1604 1477 1699 plenaeque
1507 1605 1850 1674 sororibus
1877 1631 2085 1677 urnae.

338 1715 492 1783 Haec
528 1713 694 1784 data
731 1740 933 1809 poena
962 1716 1081 1785 diu
1119 1715 1535 1801 viventibuS,
1570 1728 1647 1782 ut
1681 1730 2004 1782 renovata

340 1825 621 1920 Semper
647 1826 829 1897 clade
861 1826 1137 1910 domus,
1166 1824 1393 1894 multis
1422 1826 1491 1892 in
1526 1822 1852 1913 luctibus,
1891 1825 2094 1920 inque

340 1933 674 2028 Perpetuo
709 1959 997 2003 moerore
1015 1987 1036 2020 ,
1075 1949 1144 2002 et
1172 1934 1365 2027 nigra
1390 1946 1572 2001 veste
1607 1949 1970 2002 senescant.
2382 1955 2479 2018 245

342 2043 479 2110 Rex
504 2042 776 2138 Pylius,
805 2067 1050 2137 magno
1078 2043 1134 2110 si
1164 2041 1527 2134 quidquam
1559 2041 1773 2110 credis
1804 2045 2137 2128 Homero,

342 2151 741 2247 Exemplum
764 2155 917 2222 vitae
940 2150 1070 2219 fuit
1091 2175 1131 2216 a
1154 2151 1423 2218 cornice
1450 2150 1778 2220 sccundae.

344 2355 557 2403 nuntur
580 2345 828 2419 fet-cuia,
856 2345 977 2422 ipse
1012 2342 1087 2404 ad
1125 2363 1332 2404 eorum
1358 2356 1730 2420 conspectum
1757 2356 2010 2402 assuetus
2040 2346 2262 2421 aperire
2283 2341 2474 2422 labra,

344 2435 557 2496 hiatum
596 2439 773 2496 rictus
812 2451 1035 2496 tantum
1072 2440 1331 2507 diducit,
1366 2440 1527 2494 velut
1563 2437 1892 2494 hirundinis
1927 2439 2151 2512 pullus,
2195 2439 2270 2496 ad
2305 2458 2479 2513 quem

344 2533 691 2604 pascendum
714 2543 901 2588 mater
923 2532 1119 2606 jejuna
1153 2549 1257 2587 ore
1280 2521 1453 2605 pleno
1474 2529 1778 2600 advolans,
1813 2547 1996 2586 escam
2029 2530 2090 2585 in
2111 2541 2365 2586 rostrum
2388 2543 2477 2588 te-

346 2626 556 2682 nellum
580 2626 810 2702 ingerit.
836 2625 952 2682 Sed
978 2625 1097 2682 istis
1113 2666 1130 2694 ‚
1166 2624 1267 2699 qui
1292 2643 1501 2698 corpus
1528 2635 1769 2692 vexant,
1803 2623 2022 2678 morbis
2046 2624 2220 2700 longe
2241 2625 2476 2700 gravior

344 2719 579 2774 morbus
612 2716 854 2773 infirmae
881 2735 946 2772 ac
972 2735 1179 2792 parum
1212 2735 1359 2772 sanae
1391 2716 1600 2772 mentis
1630 2725 1743 2782 est,
1766 2731 1884 2787 quo
1911 2711 2004 2782 fit,
2036 2725 2104 2769 ut
2138 2733 2324 2787 neque
2347 2735 2474 2772 ser-

344 2826 544 2866 vorum
575 2811 813 2866 nomina
832 2809 1196 2876 meminerit;
1226 2827 1414 2894 neque
1434 2807 1606 2863 amici
1625 2805 1850 2860 vultum
1872 2815 2177 2878 agnoscat,
2202 2825 2332 2860 cum
2355 2826 2476 2881 quo

344 2900 607 2960 hesterna
634 2914 806 2959 nocte
827 2902 1097 2972 coenavit;
1126 2919 1313 2976 neque
1340 2891 1556 2957 liberos
1570 2941 1588 2968 ‚
1610 2917 1756 2972 quos
1773 2897 2101 2972 procreavit
2121 2909 2182 2954 et
2206 2899 2476 2956 educatos

346 2992 513 3050 aluit:
540 3013 676 3049 nam
716 2994 835 3052 iuis
869 2981 1249 3048 hereditatem
1276 3009 1437 3048 suam
1470 2987 1693 3045 crudeli
1720 2995 2062 3044 testamento
2093 2987 2296 3063 eripit,
2333 2989 2476 3046 dum

348 3101 539 3142 omnes
561 3085 825 3141 fortunas
844 3086 1021 3142 donat
1047 3075 1253 3139 Phialae
1269 3124 1286 3153 ,
1306 3099 1479 3155 quam
1508 3079 1782 3136 heredem
1801 3099 1870 3136 ex
1898 3097 2017 3135 asse
2043 3079 2267 3135 scribit·
2253 3100 2477 3156 ,usque

346 3173 483 3231 adeo
516 3175 709 3252 potuit
740 3175 965 3250 impura
992 3185 1052 3230 et
1078 3173 1235 3230 vafra
1262 3163 1471 3238 mulier
1500 3165 1792 3226 hominem
1825 3173 2075 3226 inescare
2107 3159 2225 3225 oris
2263 3171 2469 3240 halitu,

349 3267 503 3341 quod
526 3269 743 3323 inclusa
762 3287 870 3342 per
901 3268 1095 3341 plures
1123 3283 1305 3321 annos
1334 3265 1396 3318 in
1422 3274 1658 3338 angusta
1689 3249 1977 3336 lupanaris
2011 3261 2148 3316 cella
2177 3260 2430 3333 prostitit
2456 3263 2470 3316 !

424 3369 556 3428 ²40·
607 3359 723 3417 Sed
750 3356 838 3415 fac
870 3377 1063 3415 senem
1093 3356 1281 3414 adhuc
1307 3357 1475 3412 bonae
1502 3351 1712 3409 mentis
1739 3371 1856 3408 esse
1888 3360 2242 3425 compotem,
2281 3361 2476 3407 tamen

346 3445 535 3532 lugeat
564 3447 819 3508 filiorum
840 3461 1091 3507 mortem
1112 3447 1431 3536 oportebit,
1449 3464 1663 3520 eosque
1685 3441 1762 3500 ad
1777 3462 1986 3519 rogum
2005 3441 2232 3511 efferat3
2253 3441 2474 3500 dilectae

348 3547 541 3604 uxoris
565 3546 794 3601 bustum
816 3563 881 3600 ae
902 3533 1094 3598 fratris
1119 3531 1453 3608 intuebitur,
1480 3549 1538 3594 et
1566 3555 1739 3593 urnas
1765 3554 2032 3592 sororum
2064 3535 2354 3592 cineribus
2384 3529 2476 3594 re-

348 3639 534 3696 sertas.
574 3639 795 3710 Nempe
822 3635 884 3691 id
910 3631 1177 3710 supplicii
1206 3631 1496 3706 longaevos
1516 3638 1738 3696 manet,
1768 3639 1835 3681 ut
1858 3626 2074 3681 iteratis
2097 3636 2156 3682 et
2177 3627 2479 3684 continua-

350 3732 419 3786 tis
442 3731 503 3786 in
524 3728 735 3784 fanfilia
764 3725 1081 3794 funeribus,
1099 3721 1329 3780 assiduo
1350 3723 1415 3777 in
1438 3737 1686 3776 moerore
1705 3737 1770 3772 ac
1789 3717 1960 3792 nigro
1979 3717 2194 3773 amictu
2211 3717 2478 3774 miseram

350 3831 695 3878 senectutem
718 3816 964 3894 exigant.
996 3817 1223 3883 Nestor,
1254 3832 1357 3869 rex
1378 3812 1505 3887 Pyli
1518 3853 1540 3879 ,
1571 3814 1618 3867 si
1647 3828 1818 3884 quam
1842 3827 2066 3865 summo
2093 3811 2348 3865 Homero
2370 3811 2477 3865 ha—

346 3913 543 3970 bemus
560 3911 738 3968 fidem
750 3952 767 3980 ,
800 3929 951 3965 unus
972 3920 1105 3983 post
1120 3906 1384 3964 homines
1401 3915 1569 3960 natos
1590 3905 1666 3960 ad
1685 3902 1982 3960 cornicum
2003 3897 2322 3978 longaevam
2347 3913 2479 3957 aeta-

350 4017 457 4063 tem
480 4003 751 4081 proxime
768 4001 1037 4058 accessit:
1072 4011 1129 4057 et
1148 3991 1341 4057 actum
1366 3997 1582 4054 scilicet
1600 3995 1873 4071 praeclare
1891 4014 2020 4052 cum
2034 3993 2138 4050 ino
2157 4003 2352 4068 putas,
2377 3992 2482 4066 qui

518 4095 609 4160 11.
2167 4085 2204 4148 5
