3050 4884
602 373 709 440 IN
755 369 1205 439 SATIRAM
1254 367 1738 434 DECIMAM
1783 369 2288 454 QUARTAM.
2393 373 2524 442 333

367 481 488 536 bati
510 496 764 538 consueta
780 483 903 538 vitae
920 483 1136 554 negotia
1158 500 1434 554 peragere.
1459 480 1567 536 Sed
1589 496 1810 554 propter
1832 484 1988 538 simil.
2008 485 2114 541 loc.
2135 487 2280 542 Pers.
2299 487 2370 552 V,
2393 486 2492 549 184
2507 503 2524 538 ε

676 593 827 639 Labra
848 606 1007 637 moves
1026 593 1187 636 tacitus
1206 591 1493 651 recutitaque
1509 600 1521 623 ⁸
1547 591 1738 639 sabbata
1755 593 1922 654 palles,

366 691 614 763 suspicor
634 691 817 764 potius
832 728 847 753 ,
876 700 1090 761 poetam
1116 688 1411 760 respexisse
1433 687 1503 741 sd
1526 689 1798 747 tristitiam
1819 705 1872 746 et
1886 695 2121 766 jejunia,
2142 713 2259 767 quae
2283 695 2523 748 sabbatis

366 791 403 824 a
424 773 626 827 Judaeis
644 772 877 827 exerceri
897 773 1163 848 putabant
1184 771 1431 825 Romani.
1466 771 1627 826 Cous.
1650 774 1879 830 Casaub.
1911 777 1981 830 ad
2006 779 2152 833 Pers.
2175 779 2214 831 l.
2237 779 2275 831 l.
2301 779 2398 850 qui
2415 780 2525 832 exi·

367 857 649 922 stimabat,
666 851 774 910 hoc
788 875 898 909 uon
916 857 991 909 ita
1008 873 1119 908 esse
1138 848 1568 926 intelligendum,
1586 857 1742 927 quasi
1761 861 1944 912 omnia
1960 860 1993 913 J
1999 858 2278 914 udoeorum
2296 862 2526 916 sabbata

370 939 478 994 sint
498 940 701 1006 tristia,
728 937 825 992 scd
850 951 1057 992 tantum
1083 938 1595 1010 superstitiosorum.
1628 941 1860 994 Romani
1891 950 2069 995 tamen
2105 942 2242 995 illud
2273 944 2380 996 sibi
2403 963 2528 1016 per·

373 1026 604 1079 suasisse
642 1023 927 1086 videntur-3
965 1022 1077 1078 vid.
1109 1023 1254 1077 Suet.
1290 1026 1430 1093 Aug.
1470 1027 1558 1093 76-
1606 1023 1819 1078 Petron.
1855 1025 2089 1091 XXXV,
2133 1029 2166 1078 6
2187 1067 2204 1092 ,
2241 1038 2295 1080 et
2328 1028 2530 1082 Justin.

372 1109 645 1169 XXXVI,
678 1125 725 1162 a.
747 1109 829 1160 An
851 1111 1060 1159 sabbata
1083 1106 1343 1160 dicuutur
1361 1104 1475 1160 dies
1500 1105 1624 1160 festi
1655 1119 1708 1160 et
1731 1107 1876 1161 feria
1903 1107 2158 1162 esur-iales
2178 1110 2212 1162 J
2217 1107 2535 1164 adeor-um?

374 1189 537 1244 Cous.
566 1186 637 1244 ad
657 1191 771 1254 vl,
801 1189 919 1258 159.

444 1337 577 1384 Vsa.
614 1353 700 1400 97.
739 1335 861 1385 coeh·
886 1337 1046 1386 lumen
1064 1336 1172 1395 alii,
1197 1335 1365 1384 nescio
1386 1337 1500 1402 qui,
1526 1337 1707 1402 probb.
1733 1337 1944 1387 Cantero
1965 1335 2266 1388 Nov.1.ectt.
2291 1339 2382 1400 IV,
2408 1357 2438 1388 a
2469 1357 2527 1390 ac

380 1421 428 1482 5,
456 1431 505 1470 et
521 1419 697 1487 Scalig.
712 1421 775 1470 ad
792 1421 959 1481 cirin,
986 1423 1071 1470 sed
1092 1421 1265 1486 refrag.
1296 1421 1428 1485 Lips.
1452 1420 1517 1494 ad
1535 1423 1650 1470 Tac.
1669 1421 1797 1469 Hist.
1825 1423 1886 1483 V,
1910 1423 1960 1470 5.

445 1519 583 1571 Nor.
606 1537 691 1588 97.
731 1514 915 1585 Quum
936 1517 1111 1572 Iudaei
1135 1517 1236 1571 sub
1259 1517 1389 1569 caelo
1415 1517 1538 1585 (vel
1557 1518 1738 1589 potius
1764 1518 1865 1570 snb
1888 1517 2014 1584 dio,
2043 1535 2169 1570 nam
2191 1519 2396 1592 templo
2419 1538 2532 1574 non

377 1613 492 1654 erat
511 1601 751 1667 culmem
781 1602 915 1654 Ach.
931 1605 983 1670 ),
1014 1615 1069 1655 et
1088 1600 1227 1654 illud
1247 1600 1598 1672 suspicientes
1613 1615 1984 1674 precarentur,
2001 1603 2230 1656 Romani
2243 1604 2532 1677 putabant,

382 1685 559 1757 ipsum
583 1677 653 1738 ab
684 1685 746 1737 iis
763 1691 933 1738 carlum
964 1688 1170 1737 adoran·
1186 1705 1205 1737 .-
1228 1682 1375 1738 unde
1396 1684 1688 1740 Petronius
1707 1685 1870 1739 etiam
1886 1725 1901 1750 ,
1932 1704 2058 1757 pag.
2087 1687 2212 1751 683,
2233 1685 2322 1739 ed.
2349 1687 2534 1741 Burm.

382 1787 481 1840 per
494 1768 681 1841 jocum
703 1768 863 1835 dixit,
901 1771 1025 1823 illos
1045 1774 1153 1822 cali
1173 1789 1391 1822 summas
1416 1773 1659 1821 advocare
1692 1771 1968 1831 amiculas,
2003 1781 2058 1834 et
2077 1768 2215 1821 Tac.
2239 1769 2380 1822 Hist.
2409 1767 2482 1836 V,
2503 1768 2536 1822 5

379 1855 403 1922 (
419 1855 513 1906 ubi
528 1849 635 1910 vid.
658 1854 801 1928 Lips.
819 1857 841 1926 )
863 1879 886 1902 ι
900 1857 931 1908 J
937 1853 1077 1908 udaei
1091 1867 1268 1909 mente
1283 1856 1397 1908 sola
1413 1873 1654 1924 unumque
1670 1871 1848 1904 numen
1872 1853 2238 1923 intelligunt...
2267 1871 2536 1907 summum

380 1936 517 1990 illud
540 1951 591 1991 et
609 1952 865 1992 :eternum
877 1979 893 2005 ,
914 1959 1091 2012 neque
1111 1939 1375 1992 mutabile
1387 1978 1403 2001 ,
1423 1956 1600 2008 neque
1617 1937 1991 1991 interiturum:
2017 1936 2183 2008 igitur
2201 1937 2354 1989 nulla
2372 1938 2540 1992 simu-

383 2021 530 2075 lacra
556 2022 782 2076 urbibus
800 2023 933 2088 suis,
954 2023 1157 2076 nedum
1173 2022 1385 2096 templis
1410 2034 1558 2084 sunt3
1579 2047 1601 2068 ι
1616 2020 1730 2076 vid.
1751 2019 1822 2074 ad
1843 2022 1924 2074 vl
1937 2060 1954 2086 ,
1979 2020 2096 2084 545.
2122 2045 2143 2066 ι
2165 2021 2333 2074 Poeta
2356 2020 2542 2076 forsan

384 2107 577 2162 alludit
602 2108 677 2162 ad
710 2128 798 2174 ea,
826 2127 943 2181 quae
977 2103 1155 2162 Exod.
1184 2107 1325 2161 x111
1343 2145 1363 2172 ,
1398 2127 1460 2160 21
1481 2148 1497 2174 ,
1530 2107 1785 2179 leguntur
1805 2103 1876 2158 de
1897 2105 2152 2158 columna
2173 2107 2314 2156 nubis
2333 2122 2353 2153 .·
2381 2105 2542 2159 simili

382 2211 510 2246 vero
540 2193 750 2247 ratione
773 2194 1049 2246 Socratem
1076 2193 1223 2245 velut
1244 2193 1416 2248 nubes
1435 2191 1753 2246 adorantem
1773 2191 2062 2263 sugillabat
2080 2190 2493 2262 Aristophanen
2515 2217 2538 2238 ι

379 2275 513 2328 Ach.
533 2307 603 2316 —
621 2279 743 2328 cali
759 2295 941 2328 numen
954 2315 969 2341 ,
990 2275 1201 2340 calum,
1222 2288 1501 2348 tamquam
1520 2295 1738 2330 numen.
1755 2273 1904 2330 Cous
1904 2315 1914 2326 .
1935 2277 2066 2328 Var.
2087 2277 2237 2329 Lect.
2256 2306 2324 2316 —
2337 2277 2418 2328 De
2432 2276 2542 2328 hoc

382 2371 553 2428 poeta
583 2359 727 2426 loct»,
757 2361 977 2432 ejusque
1017 2371 1131 2411 tum
1164 2358 1422 2425 lectione,
1466 2371 1581 2412 tum
1609 2357 2051 2429 interpretatione
2092 2375 2259 2429 quum
2293 2357 2544 2428 frequens

378 2439 513 2493 olim
538 2441 701 2496 fuerit
725 2440 1014 2493 doctorum
1031 2441 1273 2491 virorum
1296 2452 1513 2492 senatus
1535 2479 1550 2504 ,
1587 2440 1816 2493 miratur
1835 2439 2069 2491 Cramer.
2089 2457 2214 2492 eum
2235 2451 2344 2492 tam
2360 2440 2544 2512 jejune

381 2527 605 2578 tractari
627 2544 659 2579 a
677 2524 977 2578 novissimis
1000 2523 1405 2576 enarratoribus
1427 2541 1440 2576 t
1462 2523 1556 2594 qui
1579 2523 1740 2595 plura
1759 2523 1908 2588 velit,
1928 2523 2022 2575 ille
2045 2521 2204 2576 adeat
2224 2526 2380 2589 zoni,
2397 2524 2539 2579 Diss.

386 2607 445 2660 in
472 2613 701 2660 Rae-calta
724 2609 959 2676 d'Opusc.
989 2608 1244 2677 seteneg‘fici
1258 2645 1275 2667 ,
1304 2619 1434 2658 tom.
1460 2606 1547 2659 111
1565 2644 1581 2671 ,
1601 2624 1728 2678 pag.
1750 2605 1888 2674 39o;
1912 2606 2174 2678 Anonym.
2197 2607 2253 2658 in
2282 2611 2543 2660 Nouvelles

388 2695 457 2743 de
479 2697 531 2744 Ia
556 2693 759 2760 nepum.
786 2692 871 2744 des
892 2695 1077 2754 lettres,
1100 2709 1223 2761 pag.
1247 2687 1347 2744 833
1368 2709 1383 2756 ;
1402 2688 1572 2741 alium
1591 2689 1646 2739 in
1669 2690 1871 2741 Dissen.
1893 2688 2073 2740 me‘ldes
2089 2709 2177 2740 sur
2195 2691 2355 2740 divers
2373 2691 2545 2758 sedete,

391 2788 523 2828 tom.
547 2775 662 2842 ΙΙΙ,
702 2795 756 2848 p.
792 2791 919 2846 179,
952 2781 1007 2827 e't
1028 2774 1248 2827 tertium
1282 2773 1339 2825 in
1374 2775 1454 2823 the
1482 2773 1727 2824 Classical
1743 2775 1986 2836 Jonmal,
2017 2770 2124 2823 vol.
2149 2771 2232 2834 X,
2251 2789 2375 2843 pag.
2411 2789 2540 2844 107,

389 2859 623 2932 denique
644 2862 884 2932 Inter-pp.
907 2853 980 2911 ad
1009 2860 1223 2911 Petron.
1248 2869 1377 2910 tom.
1401 2855 1455 2920 I,
1476 2873 1600 2926 pag.
1619 2855 1724 2906 880
1743 2893 1760 2920 ,
1779 2871 1898 2925 sqq.
1920 2849 2007 2906 ed.
2028 2853 2209 2907 Burm.
2232 2853 2338 2908 Eo.

464 2957 603 3008 Nor.
642 2955 711 3024 98
733 2995 749 3022 ,
777 2973 864 3024 99.
902 2953 1070 3006 Poeta
1096 2951 1233 3006 salse
1252 2949 1413 3014 dicit,
1443 2951 1475 3002 J
1481 2948 1687 3011 udoeos,
1717 2968 1871 3000 carus
1898 2951 2043 3001 suilla
2068 2951 2394 3012 abstinentes,
2423 2968 2542 3004 eam

394 3057 505 3092 non
522 3039 693 3110 magis
712 3035 1025 3091 violandam
1049 3035 1315 3088 censuisse
1331 3071 1346 3096 ,
1364 3051 1527 3104 qnam
1550 3033 1840 3085 humanam
1854 3070 1870 3096 ,
1893 3050 1994 3084 nec
2009 3031 2233 3084 minoris
2258 3032 2544 3086 oestimasse

390 3141 513 3176 sues
528 3163 543 3186 ,
572 3141 737 3196 quam
754 3122 1017 3174 homines,
1041 3119 1270 3172 Caussas
1294 3116 1460 3189 hujus
1491 3115 1628 3168 ritus
1663 3114 1902 3168 afferunt
1934 3115 2113 3168 Tacit.
2134 3115 2273 3169 Hist.
2297 3117 2370 3184 V,
2405 3123 2464 3182 4,
2489 3127 2544 3170 et

392 3207 640 3260 meliores
668 3203 952 3258 Michaelis
972 3204 1003 3255 J
1010 3221 1089 3255 ur.
1114 3201 1256 3255 Mos.
1280 3203 1311 3268 S
1332 3199 1452 3256 203.
1473 3197 1632 3252 Conf.
1654 3215 1816 3272 supra
1837 3197 1909 3252 ad
1927 3199 2010 3251 VI
2023 3237 2042 3266 ,
2068 3197 2187 3267 ¹⁵9·

463 3367 601 3415 Vsa.
638 3381 725 3430 99.
766 3363 1060 3427 cumpater,
1096 3362 1176 3409 13.
1198 3359 1345 3425 Quod
1348 3371 1513 3424 pater,
1541 3359 1622 3406 18.

462 3461 517 3514 N
522 3479 606 3513 0¹1¹.
646 3477 731 3528 99.
771 3459 1019 3526 Proeputia
1036 3467 1231 3522 ponunt
1248 3472 1266 3504 .·
1282 3471 1409 3506 nam
1428 3476 1451 3498 ι
1472 3449 1860 3505 circumcidere
1870 3449 2136 3522 ‘genitalia
2156 3447 2432 3501 instituere
2445 3486 2462 3514 ,
2483 3461 2544 3504 ut

390 3542 701 3597 diversitate
726 3552 1035 3606 noscantur,
1044 3565 1074 3598 p
1095 3538 1229 3591 Tac.
1255 3537 1395 3590 nist.
1407 3536 1479 3599 V,
1503 3535 1554 3588 5.

412 3623 417 3628 ⁸
466 3643 606 3695 Nor.
650 3659 749 3694 100
782 3659 892 3711 seq.
920 3639 1053 3690 Tac.
1084 3635 1219 3688 nist.
1244 3635 1321 3699 V,
1347 3638 1405 3696 4,
1429 3650 1509 3704 pr.
1537 3655 1558 3677 ι
1575 3631 1784 3694 Moses,
1807 3628 2008 3701 inquit,
2031 3647 2142 3700 quo
2166 3627 2269 3681 sibi
2291 3626 2346 3680 in
2364 3639 2544 3700 poste-

389 3744 513 3778 rum
535 3737 743 3796 gentem
768 3723 1035 3786 firmaret,
1058 3737 1229 3774 novos
1250 3716 1385 3770 ritus
1409 3715 1819 3784 contrariosque
1845 3713 2040 3765 ceteris
2060 3711 2380 3765 mortalibus
2401 3711 2545 3764 indi-

390 3809 479 3862 dit
503 3827 519 3860 :
539 3808 768 3881 profana
800 3807 913 3859 illic
946 3805 1158 3868 omnia,
1186 3819 1306 3875 quc
1340 3799 1489 3873 apud
1524 3817 1626 3852 nos
1657 3815 1836 3861 sacra3
1877 3813 2090 3848 rursum
2118 3813 2368 3850 concessa
2398 3791 2546 3866 apud

388 3892 548 3957 illos,
578 3909 701 3964 qnae
728 3890 888 3944 nobis
912 3888 1133 3941 incesta.
1158 3911 1181 3932 ·
1203 3887 1276 3938 Et
1302 3903 1423 3956 cap.
1441 3884 1507 3938 ⁵:
1533 3907 1556 3930 ι
1582 3883 1696 3937 Nec
1723 3879 2022 3953 quidquam
2039 3880 2190 3952 prius
2211 3880 2543 3942 imbuuntur,

1244 4041 1612 4064 mmm
1617 4041 1706 4058 m

469 4181 491 4208 ¹
532 4173 857 4233 circumcisa,
883 4170 938 4220 id
962 4179 1061 4232 est,
1079 4186 1106 4218 a
1125 4167 1429 4219 circumcisis
1452 4165 1706 4216 celebrata.
