3050 4884
864 357 974 421 IN
1020 358 1488 423 SATIRAM
1534 356 2031 424 DECIMAM.
2397 363 2516 425 103

377 468 542 535 prium
554 471 765 535 requiri,
785 474 888 535 jam
909 474 1150 548 intellexit
1167 469 1464 523 Plathnerus
1477 510 1494 535 ‚
1515 486 1565 523 et
1580 475 1868 523 Ptolemaios
1888 477 1943 525 iu
1966 476 2213 543 AEthiopia
2234 477 2521 543 elephantos

375 552 514 599 albos
533 570 699 601 omnes
719 554 950 614 tradidit,
973 572 1036 603 an
1053 572 1117 603 ex
1139 556 1210 603 rei
1228 555 1426 603 veritate
1439 591 1454 616 ,
1479 572 1635 604 necne
1652 594 1667 617 ‚
1687 558 1815 605 nihil
1834 559 1896 606 ad
1918 574 2037 607 rem.
2054 580 2077 599 n

451 649 585 698 Van.
629 651 744 700 150.
781 651 1096 717 Elephantes,
1120 668 1205 701 aa.

447 742 587 795 Nor.
634 749 758 813 149,
793 745 906 799 150.
945 747 1149 815 Africa,
1178 747 1248 798 ab
1275 745 1503 807 oriente,
1532 747 1739 795 admota
1756 756 1839 797 est
1855 748 2186 809 Nilo,n1nus,
2207 742 2525 811 deinde,acl

379 826 659 893 AEekiopum
673 831 884 895 populos
911 846 1070 899 supra
1095 830 1390 901 AEgyptum
1403 868 1418 893 ,
1437 846 1608 899 usque
1628 825 1699 879 ad
1724 828 1900 880 sinum
1928 830 2205 883 arabicum
2229 830 2301 898 (a
2323 828 2521 900 quibus

380 903 580 959 diversi
605 920 727 961 sunt
745 910 1024 983 AEthiopes
1048 910 1281 983 hesperii
1303 930 1398 965 seu
1426 902 1785 965 occidentales
1808 924 1861 965 et
1882 913 2168 979 Atlantici,
2196 914 2251 965 in
2271 911 2522 965 interiore

380 992 561 1045 Africa
574 1032 590 1058 ,
611 992 682 1046 ad
703 994 1038 1049 occidentem
1059 1008 1113 1049 et
1133 1014 1280 1049 mare
1302 996 1703 1066 Atlanticum),
1732 1009 1785 1051 et
1820 996 1890 1049 ad
1926 1000 2051 1048 aleos
2075 999 2357 1065 elephantos
2372 1034 2388 1059 ,
2414 996 2522 1048 hoc

379 1086 459 1127 est
477 1115 494 1142 ,
530 1075 602 1128 ad
637 1076 874 1139 Indiam,
913 1080 969 1132 in
1001 1096 1108 1152 qua
1143 1080 1363 1133 maximi
1401 1092 1525 1132 sunt
1554 1080 1852 1152 elephanti,
1870 1090 1885 1115 ¹
1922 1093 1976 1133 et
2010 1079 2079 1133 ad
2110 1098 2273 1151 quam
2308 1078 2522 1132 Indiam

377 1170 583 1211 veteres
617 1174 789 1231 poeto
825 1175 879 1214 et
915 1164 1213 1235 geographi
1253 1164 1590 1236 AEthiopiam
1629 1183 1846 1237 quoque
1861 1206 1877 1232 ,
1917 1165 2169 1217 Arabiam
2208 1175 2525 1236 partemque

381 1244 604 1317 AEgypti
633 1244 890 1300 referunt.
920 1256 944 1282 ²
965 1250 1111 1303 Nota
1130 1248 1262 1301 Ach.
1289 1262 1370 1301 est
1395 1266 1408 1301 :
1434 1250 1619 1318 Africa
1646 1253 1826 1299 Mauro
1848 1268 2077 1317 percussa
2110 1254 2306 1300 Oceano
2329 1260 2409 1301 est
2432 1267 2523 1301 oc-

381 1323 542 1379 cidua
569 1327 683 1399 ejus
709 1347 866 1400 pars,
903 1331 1021 1381 Nilo
1048 1332 1249 1380 admota
1279 1330 1585 1396 orientalis,
1620 1332 1699 1381 ad
1732 1332 2014 1399 AEelu'opum
2046 1334 2255 1398 populos
2285 1330 2525 1383 interior.

379 1409 760 1481 Interpretatio
778 1424 958 1465 autem
979 1412 1263 1465 Heineckii
1283 1414 1473 1467 ceteris
1497 1413 1635 1465 forte
1661 1410 1997 1484 pra-ferenda
2017 1431 2031 1465 τ
2055 1438 2075 1458 ιι
2092 1412 2175 1465 Ne
2199 1411 2382 1465 Africa
2409 1411 2527 1484 qui-

381 1492 505 1547 dem
529 1494 837 1549 sufficiebat
861 1496 1189 1561 Hannibali,
1221 1497 1468 1568 quamvis
1494 1496 1729 1549 maxima
1761 1495 1863 1550 sit:
1898 1514 2024 1548 nam
2056 1495 2299 1549 adluitur
2328 1513 2531 1547 oceano

380 1576 596 1636 Mauro,
623 1575 931 1629 extenditur
951 1594 1124 1649 usque
1143 1578 1212 1628 ad
1237 1579 1426 1631 Nilum
1439 1618 1454 1641 ‚
1476 1600 1656 1645 narsus,
1678 1592 2060 1653 proten-eaque,
2081 1578 2151 1632 ad
2170 1578 2503 1649 AEthiopiam
2520 1617 2536 1643 ,

379 1660 474 1713 ubi
499 1660 682 1731 magni
699 1660 972 1732 elephanti
997 1672 1122 1714 sunt
1138 1700 1153 1725 ,
1179 1672 1238 1713 ut
1261 1658 1422 1733 apud,
1437 1660 1631 1713 Manil.
1659 1664 1762 1724 1v,
1789 1668 1890 1731 667
1915 1681 1929 1713 :

749 1760 805 1805 Et
820 1766 970 1803 vastos
987 1757 1248 1819 elephantes
1269 1755 1411 1801 babet
1425 1770 1659 1816 saevosque
1678 1754 1834 1801 leones
1851 1794 1864 1813 ,

381 1862 708 1917 quamquam
735 1845 1002 1899 Bentleius
1033 1844 1182 1897 hunc
1205 1862 1418 1897 versum
1447 1843 1693 1917 spurium
1714 1862 1831 1897 esse
1854 1842 2065 1917 judicat
2090 1862 2103 1897 t
2128 1844 2336 1911 nescio,
2363 1862 2529 1917 quam

383 1946 519 1980 vere.
549 1927 751 1981 Similis
777 1928 930 1981 locus
949 1938 1030 1980 est
1052 1926 1245 1981 Manil.
1268 1927 1369 1993 IV,
1396 1924 1706 1994 596-602,
1733 1946 1895 2001 quem
1918 1928 1951 1979 J
1954 1928 2169 1983 uvenali
2191 1940 2315 1985 ante
2340 1928 2527 1983 oculos

383 2009 547 2067 fuisse
565 2023 730 2085 puto:

747 2112 850 2173 Ipsa
864 2118 992 2155 natat
1009 2109 1139 2155 tellus
1154 2109 1310 2171 pelagi
1329 2107 1516 2155 lustrata
1536 2123 1734 2163 corona,

749 2185 982 2245 cingentis
999 2183 1204 2229 medium
1221 2182 1409 2243 liquidis
1425 2182 1715 2243 amplexibus
1736 2182 1895 2228 orbem
1911 2217 1925 2237 ‚

749 2259 893 2318 Inque
909 2260 1032 2303 sinus
1047 2266 1242 2318 pontum
1261 2258 1450 2319 recipit,
1471 2259 1553 2319 qui
1567 2270 1758 2319 vespere
1776 2256 1835 2302 ab
1854 2266 1955 2303 atro

752 2330 984 2377 Admissus
998 2330 1158 2376 dextra
1177 2330 1400 2376 Numidas
1418 2330 1705 2391 Libyamque
1728 2332 1949 2377 calentem

751 2404 892 2450 Alluit
909 2414 955 2449 et
975 2418 1150 2464 magua
1171 2404 1404 2463 quondam
1422 2404 1719 2466 Carthaginis
1727 2420 1877 2459 arces-3

751 2480 998 2539 Litoraque
1019 2481 1068 2524 in
1089 2480 1244 2537 Syrtes
1265 2493 1485 2525 revocans
1506 2481 1682 2526 sinuata
1698 2480 1889 2529 vadosas

745 2552 948 2599 Rursum
963 2566 1110 2613 usque
1129 2552 1188 2599 ad
1207 2552 1362 2599 Nilum
1391 2552 1581 2599 directis
1600 2552 1813 2599 fluctibus
1835 2554 1943 2599 exit.

383 2636 542 2708 Apud
565 2636 856 2691 Manilium
879 2637 1100 2711 quidem
1124 2639 1244 2691 voci
1266 2658 1456 2691 rursum
1484 2636 1759 2709 adjectum
1786 2650 1869 2689 est
1892 2638 2115 2689 verbum
2135 2640 2271 2701 exit,
2308 2651 2361 2689 et
2385 2639 2529 2709 apud

375 2722 638 2775 Nostrum
660 2721 996 2775 desideratur
1013 2722 1257 2775 verbum.
1281 2722 1390 2777 Sed
1412 2742 1478 2776 ex
1502 2723 1675 2776 verbo
1694 2724 1897 2771 admota
1928 2718 2309 2772 assumendum
2334 2732 2414 2773 est
2434 2740 2527 2772 ex-

375 2820 536 2858 tensa.
557 2805 718 2857 Talia
743 2824 854 2859 non
873 2805 1150 2858 inusitata.
1169 2806 1328 2859 Conf.
1349 2806 1524 2858 Pei-iz.
1548 2802 1619 2857 ad
1636 2804 1817 2855 Sanct.
1840 2801 1942 2863 IV,
1964 2803 2015 2855 8.
2034 2804 2179 2855 Tum
2198 2800 2533 2858 desideratur

375 2889 578 2960 copula
596 2929 613 2956 ,
639 2900 698 2941 ut
721 2906 912 2960 soepe.»
933 2888 1092 2941 Cous.
1118 2888 1188 2941 ad
1215 2890 1357 2951 ΧΠ,
1382 2890 1470 2956 76.

449 3050 586 3095 Vsa.
629 3049 745 3097 151.
785 3044 1049 3107 Hesperia,
1073 3060 1160 3095 αι.

449 3138 588 3192 Nor.
631 3139 750 3192 151.
787 3140 1008 3189 Additur
1042 3137 1280 3201 imperiis,
1321 3150 1488 3205 regno
1530 3134 1817 3186 Poenorum
1834 3172 1853 3195 ,
1898 3135 2169 3201 Hispania,
2216 3132 2371 3201 cujus
2408 3151 2533 3203 pars

382 3221 704 3275 Hannibalis
740 3233 1048 3293 expugnata
1081 3231 1160 3273 est
1191 3218 1370 3272 armis.
1409 3218 1652 3284 Imperiis,
1690 3226 1843 3269 vasto
1874 3216 2071 3269 Africo
2100 3214 2357 3285 imperio;
2392 3216 2529 3267 Ach.

383 3308 486 3361 Sed
511 3328 684 3381 neque
704 3308 1006 3370 Hannibal,
1033 3325 1209 3379 neque
1233 3304 1382 3358 Poeni
1406 3320 1656 3374 magnam
1681 3302 1873 3356 Africae
1898 3314 2107 3374 partem
2138 3314 2531 3373 expugnarunt.

381 3424 454 3436 —
474 3400 758 3459 Pyrenoeum
783 3406 1050 3455 montem,
1077 3411 1190 3464 quo
1206 3388 1470 3461 Hispania
1503 3404 1535 3439 a
1573 3388 1754 3441 Gallia
1778 3386 2079 3445 dirimitur,
2115 3386 2355 3446 transilit,
2386 3384 2533 3437 Han-

383 3476 532 3529 nibal
559 3478 804 3531 celeriter
823 3496 889 3530 ex
911 3474 1173 3547 Hispania
1201 3474 1260 3527 in
1279 3472 1490 3527 Gallias
1513 3474 1689 3527 victor
1712 3472 1923 3526 transiit
1946 3488 2107 3525 :nam
2128 3470 2351 3523 verbum
2369 3482 2534 3520 trans-

1238 3638 1705 3659 mmmm

455 3780 474 3807 ¹
514 3773 644 3820 Vide
662 3774 834 3837 Polyb.
857 3775 924 3832 V,
949 3774 1038 3830 ⁸43
1060 3774 1276 3838 Appian.
1297 3776 1408 3839 Syr.
1572 3781 1595 3806 ²
1632 3777 1930 3837 Interpretes
1963 3772 2088 3819 aleos
2116 3771 2425 3836 elephantos,
2452 3774 2533 3820 vel

387 3852 448 3900 31
471 3853 633 3911 31'lin.
654 3854 805 3913 vm,
837 3868 892 3900 11
921 3870 932 3899 :
963 3852 1294 3917 -Elephantos
1317 3856 1410 3903 sert
1497 3853 1561 3901 ad
1588 3852 1969 3909 Mauritaniam,
2006 3850 2083 3899 vei
2112 3851 2175 3898 ad
2210 3852 2531 3915 Ethiopians,

383 3928 548 3977 Africa
575 3931 701 3978 ultra
726 3931 940 3995 syrticas
967 3932 1259 3981 solitudines
1281 3944 1330 3981 et
1355 3934 1411 3981 in
1497 3932 1577 3981 vel
1604 3932 1668 3979 ad
1686 3942 1839 3979 totam
1866 3932 2070 3998 Libyam
2090 3932 2338 3990 referunt,
2361 3941 2410 3978 et
2429 3932 2531 3977 sive

382 4010 718 4059 Mauritania:
743 4010 904 4059 ferunt
925 4011 1178 4076 AEthiopes
1211 4024 1259 4061 et
1285 4014 1414 4061 Tro-
1498 4013 1761 4061 lectionem
1790 4047 1805 4071 ,
1851 4011 1952 4061 sive
2000 4010 2369 4061 distinctionem
2416 4026 2526 4059 mu-

379 4084 734 4153 glodytae;’sed
755 4089 997 4139 maximos
1016 4092 1176 4141 India.
1193 4114 1214 4133 ι
1500 4101 1624 4139 tant.
