3050 4884
529 355 656 442 376
1111 357 1191 420 D.
1232 353 1491 420 mNn
1535 348 2066 417 JUVENALIS

521 473 662 539 Aut
695 469 964 564 gravius
1001 466 1220 538 cultro
1262 467 1456 536 timet
1490 465 1755 535 hostia:
1796 466 1916 559 qui
1946 464 2153 534 modo
2184 488 2379 536 casus

523 576 805 674 Impulit
825 576 994 647 hos?
1019 601 1168 673 quae
1193 590 1378 646 tanta
1410 575 1620 644 fames
1646 574 2019 670 infestaque
2050 573 2228 646 vallo
2570 607 2670 642 120

519 691 728 757 Arma
767 701 1163 780 coegerunt,
1197 701 1336 755 tam
1363 683 1755 756 detestabile
1784 701 2167 756 monstrum

519 794 834 868 Audere?
866 819 1044 865 anne
1077 793 1312 880 aliam,
1335 811 1527 886 terra
1554 795 2004 890 Memphitide
2040 797 2250 883 sicea,

523 905 864 978 Invidiam
897 901 1191 974 facerent
1221 904 1483 975 nolenti
1511 930 1791 1001 surgere
1822 905 2033 977 Nilo?

468 1031 478 1055 ¹
521 1015 680 1102 Qua
713 1038 843 1082 nec
879 1013 1208 1084 terribiles
1241 1015 1533 1100 Cimbri,
1568 1039 1699 1085 nec
1732 1016 2040 1086 Britones
2070 1037 2391 1109 umquam
2408 1065 2431 1101 ‚

525 1127 1024 1195 Sauromataeve
1056 1140 1317 1212 truces,
1351 1140 1470 1194 aut
1495 1126 1821 1194 immanes
1848 1123 2245 1220 Agathyrsi,
2574 1138 2671 1192 ηε

527 1239 676 1304 Hac
701 1235 889 1304 saevit
915 1237 1098 1305 rabie
1131 1234 1402 1305 imbelle
1439 1250 1508 1305 et
1544 1232 1785 1304 inutile
1816 1234 2096 1329 vulguS,

527 1343 816 1412 Parvula
845 1342 1162 1413 fictilibus
1189 1340 1461 1413 solitum
1487 1343 1649 1414 dare
1673 1341 1821 1413 vela
1844 1342 2133 1438 phaselis
2150 1395 2171 1430 ‚

526 1457 617 1524 Et
639 1453 959 1522 brevibus
985 1455 1182 1547 pictae
1209 1454 1410 1523 remis
1435 1453 1826 1522 incumbere
1854 1467 2063 1540 testae.

626 1566 772 1635 Nec
803 1587 1072 1658 poenam
1105 1562 1340 1634 sceleri
1377 1563 1707 1648 invenies,
1744 1587 1871 1631 nec
1900 1561 2105 1656 digna
2136 1560 2401 1656 parabis

531 1671 878 1769 Supplicia
913 1672 1019 1744 his
1053 1671 1356 1768 populis,
1400 1672 1794 1766 inquorum
1826 1687 2049 1741 mente
2078 1695 2269 1766 pares
2295 1685 2456 1741 sunt
2578 1686 2677 1739 130

532 1786 623 1852 Et
646 1779 892 1851 similes
919 1784 1020 1851 ira
1048 1797 1251 1877 atque
1279 1783 1512 1852 fames.
1540 1778 1939 1853 Mollissima
1962 1781 2167 1851 corda

533 1897 853 1962 Humano
891 1893 1123 1986 generi
1160 1893 1322 1962 dare
1355 1917 1428 1961 se
1463 1893 1725 1962 Natura
1756 1890 2024 1976 fatetur,

537 2007 708 2096 Quae
735 2001 1048 2072 lacrimas
1075 2001 1260 2072 dedit
1289 2028 1306 2071 z
1337 2003 1482 2070 haec
1513 2000 1727 2070 nostri
1762 2023 1918 2096 pars
1950 2003 2207 2096 optima
2232 2025 2479 2074 sensus,

537 2111 810 2182 Plorare
839 2135 1003 2206 ergo
1034 2111 1486 2206 jubet'oasum
1514 2108 1805 2205 lugentis
1838 2112 2074 2199 amici,

537 2218 1066 2314 Sqnaloremque
1097 2222 1234 2308 rei,
1267 2218 1603 2314 pupillum
1632 2218 1716 2289 ad
1733 2219 1889 2314 jura
1916 2235 2270 2312 vocantem
2580 2233 2680 2290 135

1321 2389 1350 2416 ι,
1425 2387 1472 2420 „3
1596 2381 1603 2391 ¹

535 2456 762 2532 aliquid
807 2455 1262 2526 sacrificulorum
1311 2459 1510 2516 cultris
1560 2460 1868 2534 patiantur.
1932 2463 2011 2516 At
2062 2459 2345 2536 AEgyptiis
2392 2456 2537 2533 quid
2580 2457 2683 2519 inv

537 2548 784 2607 forninii
823 2549 1058 2607 tandem
1075 2550 1232 2620 fuit,
1257 2570 1362 2608 cur
1385 2563 1504 2609 tam
1523 2553 1776 2610 immane
1798 2551 2013 2610 facinus
2038 2551 2341 2610 admittere
2366 2550 2645 2608 auderent
2655 2549 2685 2606 Ρ.

541 2645 636 2698 An
675 2640 952 2697 diuturna
989 2653 1052 2698 et
1079 2653 1250 2700 atrox
1287 2643 1520 2700 famesi'·
1546 2663 1623 2700 sn
1650 2645 1933 2703 exercitus
1967 2645 2223 2701 hostium
2238 2683 2257 2714 ,
2298 2643 2549 2710 vallum:
2579 2661 2681 2702 arr

540 2734 650 2789 mis
695 2733 906 2790 urbem
943 2732 1336 2791 obsidentium
1356 2733 1383 2789 a
1417 2733 1484 2793 Si
1531 2736 1699 2793 Nilus
1742 2737 1927 2793 nollet
1962 2735 2257 2794 exundare
2304 2735 2367 2790 in
2404 2753 2577 2811 agros
2620 2745 2681 2792 et

541 2825 766 2880 effundi
800 2844 914 2900 pro
951 2843 1146 2896 more,
1187 2826 1270 2882 its
1314 2837 1383 2882 ut
1421 2826 1570 2886 sicca
1610 2839 1673 2886 et
1706 2828 2013 2887 infecunda
2054 2831 2339 2906 AEgyptus
2374 2829 2562 2897 foret,
2604 2847 2685 2886 an

541 2926 814 2990 poten-ant
845 2935 982 2974 eum
1013 2918 1284 2975 odiosum
1318 2929 1377 2978 et
1409 2917 1665 2978 invisum
1696 2920 1877 2997 magis
1910 2921 2192 2992 reddene,
2229 2939 2403 2995 quam
2436 2919 2487 2976 si
2520 2919 2685 2976 dice-

540 3017 705 3064 retur
739 3008 1047 3084 AEgyptins
1079 3029 1200 3086 prae
1231 3011 1384 3086 fame
1423 3011 1678 3088 coegisse
1706 3012 1781 3069 ad
1812 3013 2088 3069 humanas
2123 3027 2323 3068 carnes
2360 3011 2687 3068 vox-andes?

539 3100 705 3156 lune
718 3118 869 3158 vero
882 3100 1130 3160 imbellis
1158 3113 1217 3160 et
1235 3102 1456 3160 inutilis
1475 3104 1776 3179 plebecula
1788 3145 1805 3176 ‚
1832 3123 1959 3179 quae
1978 3104 2249 3178 navigare
2268 3102 2418 3159 solet
2435 3101 2501 3158 in
2520 3119 2686 3176 cym-

537 3192 630 3254 bis
659 3211 730 3252 ex
761 3193 965 3269 argilla
985 3195 1288 3265 confectis,
1320 3213 1532 3271 easque
1556 3196 1731 3253 variis
1756 3197 2052 3254 coloribus
2074 3196 2253 3271 pictas
2270 3192 2491 3270 exiguis
2509 3196 2685 3258 remis

539 3285 802 3366 velisque
825 3287 1099 3364 dirigere,
1125 3297 1344 3350 tantam
1358 3289 1721 3365 exprompsit
1736 3290 1975 3361 rabiem,
1998 3298 2209 3364 quanta
2226 3305 2417 3362 neque
2434 3287 2684 3359 Cimbri,

541 3397 734 3455 neque
764 3380 1059 3450 Britones,
1088 3396 1276 3456 neque
1297 3383 1573 3439 Sarmatae
1597 3393 1697 3439 aut
1720 3379 2037 3458 Agathyrsi
2056 3380 2283 3450 savir-e,
2324 3395 2527 3436 omnes
2548 3397 2687 3436 cru—

548 3469 856 3539 delissimi,
879 3471 1191 3547 aliquando
1217 3473 1504 3548 comperti
1535 3473 1709 3530 sunt?

630 3577 762 3636 129.
803 3562 1044 3618 Nullum
1079 3563 1346 3637 supplicii
1375 3581 1559 3638 genus
1593 3561 1875 3632 inveniri,
1910 3579 2021 3619 nec
2056 3577 2225 3637 poena
2256 3571 2453 3638 potest
2490 3562 2687 3638 parari

543 3651 724 3728 digna
751 3653 1063 3712 sceleribus
1087 3657 1443 3731 populorum
1467 3656 1717 3716 istorum
1731 3696 1748 3724 ‚
1784 3655 1887 3730 qui
1917 3673 2023 3729 per
2048 3655 2195 3712 iram
2220 3675 2287 3714 ea
2314 3654 2688 3715 committunt

543 3763 670 3819 quae
692 3763 800 3818 per
815 3745 1022 3804 famem
1036 3748 1258 3804 caeteri:
1279 3766 1470 3805 mores
1486 3747 1771 3823 benignos
1788 3758 1848 3804 et
1866 3748 2149 3807 humanos
2170 3768 2203 3805 a
2220 3760 2427 3807 natura
2446 3747 2687 3824 ingene-

543 3847 700 3894 ratos
721 3835 904 3896 fuisse
927 3838 1300 3909 mortalibus,
1335 3841 1430 3896 vel
1449 3839 1588 3897 inde
1611 3851 1862 3912 constat,
1890 3840 2055 3917 quod
2073 3861 2181 3898 nos
2206 3841 2496 3917 proclives
2516 3839 2687 3898 finxit

542 3929 617 3984 ad
635 3927 916 3988 lacrimas.
949 3931 1086 3986 Raec
1099 3949 1232 4005 pars
1251 3933 1515 3990 humanae
1539 3932 1773 4004 indolis,
1794 3935 1911 3990 haec
1935 3933 2137 4004 alienae
2155 3933 2494 3992 calamitatis
2522 3952 2687 3990 com-

545 4019 867 4091 miseratio,
900 4021 1160 4080 omnium
1185 4025 1362 4080 animi
1389 4025 1762 4085 affectionum
1782 4025 1998 4102 optima
2020 4039 2125 4086 est.
2156 4031 2344 4086 Docet
2372 4047 2479 4086 nos
2507 4027 2687 4102 igitur

544 4123 752 4174 natura
767 4112 1144 4188 ingemiscere
1160 4156 1177 4184 ‚
1197 4133 1378 4189 quum
1397 4115 1610 4190 aliquis
1622 4119 1841 4176 amicus
1859 4129 2177 4193 accusatur,
2190 4129 2251 4178 et
2264 4139 2517 4178 caussam
2530 4118 2687 4194 apud
