3050 4884
1035 333 1396 398 SATIRA
1439 332 1851 405 DECIMA.
2418 346 2505 411 63

358 446 443 513 In
475 444 704 515 vetula
732 446 968 543 scalpit
989 446 1130 539 jam
1160 461 1378 516 mater
1409 449 1605 518 simia
1626 450 1857 521 bucca.
2406 474 2503 542 195

360 554 660 626 Plurima
688 574 848 627 sunt
869 558 1200 652 juvenum
1229 542 1659 630 discrimina:
1689 562 2043 657 pulchrior
2071 564 2179 635 ille

356 670 538 753 Hoc,
567 683 770 764 atque
793 668 904 739 ille
927 668 1093 758 alio;
1121 667 1414 739 multum
1438 671 1553 740 hic
1582 672 1921 743 robustior
1948 673 2086 748 illo.

353 778 512 847 Una
537 804 776 848 senum
803 778 1040 868 facies3
1073 804 1230 849 cum
1259 805 1427 849 voce
1456 781 1813 851 trementia
1842 786 2174 872 membra,

351 890 442 957 Et
453 888 595 980 jam
615 888 762 958 leve
784 904 1017 984 caput,
1043 888 1434 985 madidique
1463 891 1751 960 infantia
1772 895 1915 963 nasi
1944 922 1962 962 :
2076 925 2081 937 ·

351 998 785 1093 Frangendus
809 1002 1056 1069 misero
1091 1000 1363 1095 gingiva
1394 1001 1589 1095 panis
1622 1001 1911 1071 inermi:
2402 1038 2500 1074 200

351 1106 583 1202 Usque
609 1096 777 1178 adeo
805 1111 1023 1203 gravis
1047 1111 1284 1197 uxori,
1311 1112 1656 1205 natisque,
1682 1110 1970 1206 sibique,

351 1216 450 1285 Ut
472 1218 797 1312 captatori
822 1235 1089 1289 moveat
1109 1218 1370 1290 fastidia
1397 1216 1641 1291 Cosso!

349 1329 509 1397 Non
539 1328 773 1397 eadem
809 1330 956 1398 vini
987 1344 1190 1425 atque
1221 1332 1387 1407 cibi.
1417 1346 1737 1426 torpente
1765 1330 2018 1427 palato,

349 1438 618 1506 Gaudia
649 1464 665 1507 ε
694 1462 854 1507 nam
887 1440 1103 1508 coitus
1124 1440 1265 1533 jam
1295 1438 1497 1535 longa
1534 1440 1830 1527 oblivio;
1870 1440 1975 1509 vel
2000 1443 2055 1511 si

347 1548 666 1633 coneris,
693 1548 876 1642 jacet
904 1550 1184 1643 exiguus
1214 1574 1369 1620 curn
1405 1553 1655 1621 ramice
1685 1576 1969 1635 nervuS‚
2190 1564 2197 1573 “
2397 1568 2497 1623 205

347 1661 468 1743 Et,
506 1660 810 1753 quamvis
842 1674 986 1728 tota
1015 1658 1330 1755 palpetur
1355 1676 1590 1744 nocte,
1626 1662 1898 1754 jacebit.

345 1771 542 1837 Anne
575 1768 834 1865 aliquid
859 1794 1123 1864 sperare
1153 1784 1379 1865 potest
1407 1771 1553 1841 haec
1584 1772 1883 1865 inguinis
1908 1773 2069 1865 aegri

341 1876 668 1949 Canities!
701 1879 895 1974 quid,
921 1880 1104 1975 quod
1127 1881 1372 1951 merito
1397 1898 1704 1977 suspecta
1731 1882 1939 1951 libido
1966 1897 2097 1965 est,

343 1989 514 2076 Quae
546 1990 879 2058 Venerem
907 1989 1184 2059 affectat
1211 1991 1354 2060 sine
1381 1990 1685 2061 viribus?
1718 1992 2011 2087 Adspice
2040 1993 2251 2087 partis

345 2100 548 2169 Nunc
578 2098 897 2169 damnum
930 2098 1204 2170 alterius
1237 2126 1254 2168 :
1292 2124 1450 2169 nam
1480 2128 1633 2197 quae
1662 2117 1977 2171 cantante
2008 2101 2351 2198 voluptaS,
2385 2136 2486 2171 ,ιο

342 2208 440 2276 Sit
467 2207 626 2277 licet
654 2207 932 2278 eximius
961 2208 1368 2279 citharoedus
1387 2261 1407 2294 ,
1441 2210 1613 2279 sitve
1649 2210 1998 2299 Seleucus,

337 2411 584 2469 candida
609 2425 766 2487 cute3
793 2432 966 2491 genas
999 2416 1306 2490 pendulas,
1351 2427 1412 2473 et
1449 2416 1695 2473 sulcatus
1724 2417 1911 2491 rugis„
1954 2418 2151 2492 quales
2184 2417 2244 2475 in
2270 2430 2494 2477 vetusta

336 2504 516 2560 bucca
539 2506 740 2581 scalpit
757 2505 955 2563 senior
974 2506 1164 2578 simia,
1189 2507 1543 2583 jampridem
1564 2519 1769 2578 mater,
1792 2506 2053 2563 sublatis
2083 2509 2491 2586 umbrosisque

335 2596 603 2654 Tabracae
633 2597 889 2656 saltibus.
909 2600 1163 2655 Juvenes
1184 2600 1284 2655 alii
1314 2599 1424 2653 alia
1453 2597 1597 2655 dote
1620 2598 1777 2655 inter
1796 2616 1857 2654 se
1884 2609 2019 2654 sunt
2044 2598 2379 2672 dissimilem
2396 2603 2491 2660 hic

331 2687 436 2745 ino
453 2688 799 2761 formosior3
819 2690 919 2745 ille
941 2690 1056 2745 alio
1073 2689 1288 2745 fortior
1305 2700 1363 2745 et
1377 2687 1671 2747 valentior
1688 2700 1775 2745 est
1795 2709 1809 2744 ε
1830 2706 2032 2743 senum
2050 2690 2312 2745 omnium
2332 2691 2491 2749 idem

333 2790 419 2837 est
448 2780 680 2850 vultus,
705 2778 905 2836 eadem
937 2778 1306 2849 difformitas,
1333 2778 1535 2835 eadem
1570 2779 1753 2835 totius
1780 2778 2046 2853 corporis
2081 2778 2487 2839 incommoda:

330 2890 449 2929 vox
473 2890 608 2929 cum
635 2872 812 2929 labris
833 2870 1060 2942 tremit3
1088 2881 1263 2946 caput
1283 2870 1414 2945 pilis
1437 2882 1706 2941 exutum3
1725 2888 1896 2925 nasus
1912 2910 1930 2939 ‚
1952 2888 2120 2928 more
2144 2870 2455 2929 infantium
2470 2914 2486 2941 ,

333 2964 408 3019 ab
433 2965 684 3020 humore
707 2973 994 3039 perpetuo
1022 2960 1314 3019 defluente
1348 2957 1615 3033 madens;
1646 2960 2125 3021 comminuendus
2160 2964 2223 3019 in
2250 2966 2489 3038 parvula

331 3054 512 3111 frusta
540 3054 736 3131 panis,
767 3072 942 3131 quem
971 3055 1093 3131 ipse
1117 3054 1322 3131 nequit
1337 3055 1609 3129 frangere
1630 3053 1711 3109 ob
1734 3052 1995 3129 gingivas
2018 3054 2292 3111 dentibus
2315 3056 2490 3111 desti-

335 3160 522 3208 tutas:
545 3146 823 3209 molestus
854 3150 1124 3227 conjugi,
1148 3150 1349 3209 liberis
1365 3192 1382 3223 ,
1409 3148 1550 3220 sibi,
1586 3148 1733 3205 adeo
1756 3160 1823 3205 ut
1852 3148 1965 3225 i'psi
1992 3150 2205 3222 Cosso,
2236 3150 2341 3226 qui
2368 3152 2489 3224 ejus

327 3242 710 3301 hereditatem
728 3254 945 3319 captat,
967 3262 1235 3301 nauseam
1253 3243 1606 3317 taediumque
1626 3238 1831 3317 pariat.
1854 3242 1989 3298 Non
2009 3242 2271 3299 eamdem
2290 3262 2323 3299 e
2345 3242 2488 3301 vino

327 3335 689 3413 dapibusque
707 3338 1066 3414 voluptatem
1077 3380 1096 3411 ,
1112 3336 1274 3395 senio
1294 3334 1567 3393 videlicet
1584 3333 1841 3408 palatum
1859 3334 2187 3405 hebetante,
2206 3333 2483 3409 percipit:

328 3450 466 3487 nam
499 3431 684 3488 coitus
711 3432 1070 3507 voluptatem
1100 3430 1446 3506 jamdudum
1479 3427 1697 3485 oblitus
1725 3438 1812 3484 est
1835 3448 1849 3483 :
1880 3426 2105 3483 etiamsi
2144 3427 2372 3487 coneris
2411 3429 2489 3485 ad

327 3524 490 3581 illam
523 3543 798 3582 revocare
838 3524 1111 3600 exiguum
1137 3524 1316 3599 ipsius
1343 3522 1714 3598 debilemque
1750 3540 1999 3578 nervum
2015 3561 2034 3592 ,
2065 3521 2215 3595 jacet
2240 3541 2373 3579 cum
2399 3543 2490 3581 ra-

327 3617 480 3674 mice
503 3628 562 3675 et
583 3636 812 3693 semper
830 3616 1076 3691 jacebit,
1107 3617 1371 3692 quamvis
1397 3634 1506 3692 per
1532 3626 1717 3671 totam
1744 3623 1979 3670 noctem
2008 3612 2299 3689 palpando
2326 3616 2487 3671 solli-

326 3708 554 3766 citetur.
602 3712 696 3765 An
734 3728 965 3786 sperare
1003 3708 1226 3783 aliquid
1263 3718 1458 3782 potest
1505 3724 1683 3764 canus
1724 3705 1824 3761 ille
1856 3724 2029 3762 senex
2070 3724 2202 3762 cum
2245 3705 2487 3783 ing-uine

325 3802 600 3857 mortuo?
629 3814 907 3876 praeterea
937 3802 1042 3877 qui
1076 3800 1200 3859 sine
1227 3799 1454 3856 viribus
1484 3816 1759 3855 venerem
1790 3796 2159 3853 libidinosam
2193 3808 2447 3855 sectatur
2464 3840 2483 3867 ,

323 3892 536 3948 merito
553 3904 846 3967 suspectus
872 3904 976 3950 est.
997 3894 1171 3950 Nunc
1183 3892 1472 3965 jacmram
1491 3890 1729 3947 alterius
1750 3906 1969 3959 sensus,
1988 3888 2209 3945 scilicet
2227 3887 2480 3956 auditus,

323 3984 554 4059 adspice
576 4007 590 4041 ι
609 4004 743 4041 nam
765 4004 893 4061 quae
907 3986 1175 4060 voluptas
1195 3983 1378 4041 surdo
1398 3982 1624 4059 percipi
1644 3990 1839 4056 potest
1859 3999 1933 4036 ex
1950 3980 2215 4037 cantibus
2236 3978 2483 4049 eximiis,

325 4074 464 4131 licet
491 4076 757 4153 egregius
779 4078 1156 4149 citharoedus,
1179 4076 1274 4133 vel
1297 4075 1418 4151 ipse
1445 4086 1615 4133 canat
1638 4074 1935 4143 Seleucus,
1963 4072 2057 4128 vel
2080 4072 2166 4127 illi
2188 4070 2478 4140 tibicines,
