3050 4884
536 370 659 434 130
844 362 1189 430 VARIAE
1232 359 1822 427 LEc'rloNEs
1868 360 1997 423 ET
2042 312 2352 423 NorAE

527 481 726 535 dicant.
746 480 870 533 Non
900 498 1030 531 vero
1054 495 1327 549 opponere
1349 474 1451 527 sibi
1488 472 1716 527 invicem
1735 471 1910 525 voluit
1929 473 1962 525 J
1968 470 2211 525 uvenalis
2245 473 2457 540 Oppiam
2477 480 2534 523 et
2571 473 2672 521 Ca-

522 570 724 629 tullum,
748 562 843 617 sed
871 563 1051 636 potins
1090 560 1367 632 utriusque
1390 559 1638 629 exemplo
1678 556 1872 610 docere
1901 555 2124 608 feminas
2157 555 2244 607 vel
2281 554 2672 616 nobilissimas,

526 652 571 703 si
598 648 825 703 libidine
850 645 1229 717 corripiantur,
1266 657 1562 715 temperare
1590 641 1698 694 sibi
1735 658 1846 692 non
1883 657 2066 711 posse,
2093 637 2224 710 quin
2263 638 2470 708 generis
2491 648 2546 689 et
2565 636 2678 690 loci

526 734 863 787 immemores
896 730 1095 783 samam
1130 747 1194 781 ac
1226 744 1417 781 numos
1454 725 1761 799 abjiciant.»
1783 723 1924 775 Huic
1965 735 2144 775 tamen
2181 721 2413 773 consilio
2437 738 2546 773 non
2591 740 2678 773 re·-

529 828 737 888 pugnat
770 812 1071 887 oppositio,
1112 830 1230 883 quoe
1266 809 1572 883 probabilis
1609 825 1824 880 quoque
1845 806 1940 871 fit,
1988 824 2052 859 ex
2093 823 2209 858 voc.
2245 808 2371 869 sive,
2403 808 2520 856 sive.
2549 804 2678 857 For·

528 912 669 952 tasse
702 898 863 951 etiam
896 914 1009 948 non
1038 892 1265 947 deerunt
1294 892 1391 965 qui
1411 912 1604 945 amum
1627 892 1802 963 legere
1827 890 2035 945 malint.
2073 888 2230 943 Conf.
2256 890 2388 942 Var.
2423 891 2569 942 Lect.

600 1070 737 1117 Via.
776 1069 893 1123 324.
922 1062 1113 1130 Pmfiait
1134 1064 1239 1121 uni,
1272 1066 1350 1114 16.
1373 1061 1570 1127 Profuit
1587 1078 1720 1127 ergo,
1749 1071 1834 1125 49,
1860 1062 1946 1112 55.
1981 1057 2180 1125 Profuit
2206 1058 2344 1115 olim,
2373 1058 2458 1117 61,
2483 1060 2572 1117 62,
2591 1058 2682 1116 63,

531 1151 757 1213 66—-69,
790 1154 1013 1209 7ι-74,
1047 1162 1130 1207 77.
1163 1145 1261 1193 Uni
1280 1157 1329 1195 et
1353 1146 1467 1194 olim
1494 1146 1672 1211 legitur
1707 1146 1856 1194 etiam
1879 1144 1933 1191 in
1962 1142 2258 1207 quibusdam
2289 1142 2428 1189 Mss,
2455 1140 2611 1189 Paris.-

598 1249 730 1294 Vsa.
770 1245 887 1293 325.
926 1240 1303 1305 Bellerophonti,
1338 1256 1418 1302 17,
1446 1258 1526 1303 19,
1561 1256 1645 1298 ιι,
1681 1254 1765 1299 22,
1798 1238 1884 1296 23,
1910 1239 1994 1295 45,
2025 1244 2110 1299 49,
2137 1237 2204 1284 60
2251 1234 2337 1283 65.

598 1344 732 1390 Vn.
771 1340 890 1389 326.
932 1337 1072 1385 Certe
1095 1352 1190 1400 pro
1210 1352 1398 1400 nempe,
1428 1336 1508 1397 18,
1536 1350 1622 1395 21,
1651 1334 1945 1391 24.—-Seu‚
1979 1332 2384 1394 22.—Bepulsa
2404 1330 2592 1379 restitui
2615 1346 2678 1379 ex

536 1426 758 1483 10—16,
778 1436 1007 1482 2ι-27,
1026 1421 1250 1479 45-50,
1273 1420 1498 1481 54-69,
1522 1426 1746 1479 7ι-74.
1771 1416 2002 1497 Repulso,
2029 1432 2246 1477 ι7-2ο,
2275 1432 2356 1477 7ο,
2381 1414 2464 1475 75,
2491 1414 2570 1475 76,
2595 1416 2681 1475 82,

529 1509 668 1575 quod
694 1505 948 1572 quomodo
977 1502 1213 1568 explicari
1246 1502 1507 1551 commode
1535 1501 1718 1567 possit,
1749 1502 1840 1549 vix
1865 1516 2116 1563 assequor.
2139 1500 2234 1547 Sed
2263 1514 2424 1563 neque
2452 1514 2554 1546 vox
2577 1498 2682 1547 Itaee

530 1590 759 1640 hocloco
776 1587 1029 1635 convenit.
1049 1586 1276 1633 Refertur
1296 1584 1443 1649 vulgo
1470 1584 1532 1633 ad
1557 1584 1833 1641 Pbaedram,
1853 1582 2110 1649 Hippolyti
2131 1597 2413 1641 novercam,
2437 1597 2545 1646 quae
2563 1598 2680 1629 mox

534 1672 709 1721 Cressa
744 1667 943 1717 dicitur.
976 1666 1247 1715 Durissima
1280 1682 1400 1715 vero
1431 1676 1503 1714 est
1533 1666 1640 1715 haec
1673 1668 1827 1727 ratio,
1855 1683 2008 1731 quum
2043 1664 2174 1713 nulla
2195 1667 2300 1727 ejus
2327 1674 2468 1713 antea
2495 1665 2679 1713 mentio

530 1754 595 1801 sit
617 1752 765 1809 facta3
793 1760 843 1796 et
866 1748 995 1797 nihil
1022 1765 1100 1796 me
1126 1759 1292 1797 movet
1316 1749 1642 1798 contradictio
1675 1751 1848 1799 Heius.
1875 1772 1897 1792 ι
1915 1749 1995 1797 Ad
2021 1748 2125 1797 hoec
2147 1749 2286 1796 facile
2306 1748 2365 1814 (!)
2389 1766 2450 1796 ex
2475 1765 2682 1811 sequen-

530 1833 662 1883 tibus
688 1831 869 1879 mnmi
898 1840 1062 1895 potest
1086 1831 1269 1878 Cressa.
1292 1830 1425 1877 Talis
1448 1832 1750 1879 constructio
1777 1846 1884 1880 non
1909 1832 2138 1880 inusitata
2163 1841 2238 1878 est
2263 1842 2310 1878 et
2327 1831 2503 1895 sapius
2525 1831 2681 1879 multo

532 1918 761 1967 duriores
786 1916 1123 1963 inveniuntur.
1156 1914 1285 1963 Vide
1320 1916 1478 1963 Gron.
1502 1914 1646 1963 Obss.
1683 1917 1772 1975 IV,
1806 1926 1853 1973 4,
1878 1914 1940 1963 ad
1969 1916 2085 1965 stat.
2111 1914 2269 1965 Tbeb.
2301 1919 2351 1970 1,
2383 1932 2402 1963 ι
2420 1932 2501 1977 ι2,
2539 1926 2587 1963 et
2618 1916 2682 1965 ad

532 2004 637 2051 Liv.
660 2002 813 2049 XXX
829 2034 843 2058 ,
868 2016 951 2060 7.»
976 2000 1109 2047 Olim
1136 2000 1437 2063 suspicabar,
1454 2010 1652 2063 poetam
1672 1998 1924 2063 scripsisse
1948 2016 1960 2045 :
1983 1998 2187 2046 Erubuit
2211 2016 2328 2045 nam
2359 1998 2573 2050 Pha-dra
2587 2034 2604 2057 ‚
2633 2008 2687 2045 ut

510 2084 775 2160 fastidita,
804 2082 1016 2145 repulsa.
1046 2082 1256 2130 Librarii
1282 2084 1489 2143 omnino
1518 2082 1760 2148 permulta
1781 2082 1851 2129 sic
1873 2082 1980 2131 loca
2003 2093 2050 2131 et
2074 2084 2278 2130 nomina
2301 2080 2355 2129 in
2377 2082 2550 2145 primis
2571 2096 2684 2147 pro-

532 2173 642 2237 pria
674 2184 937 2231 corrupere
963 2185 975 2215 :
998 2168 1252 2215 juvenalis
1290 2169 1435 2216 etiam
1471 2167 1705 2227 Pkaedm,
1745 2168 1942 2231 opinor,
1979 2182 2074 2231 pro
2117 2166 2289 2215 Cressa
2324 2164 2551 2227 dixisset,
2584 2164 2684 2213 nisi

532 2254 657 2303 illud
679 2267 862 2300 nomen
882 2252 983 2311 jam
1010 2260 1345 2302 memorasset.
1380 2252 1570 2299 Vellem
1594 2262 1756 2299 tamen
1779 2250 1940 2298 lenior
1970 2250 2168 2298 daretur
2194 2249 2454 2297 medicina.

602 2356 745 2407 Nor.
783 2354 904 2415 324.
943 2356 1043 2403 Sed
1060 2367 1193 2405 caseo
1212 2358 1332 2423 quid
1344 2356 1521 2425 sonna
1545 2357 1776 2429 pulchra
1802 2364 1982 2407 nocet?
2004 2355 2256 2427 Objectio
2271 2394 2286 2421 ,
2309 2374 2470 2427 quam
2493 2354 2686 2409 refellit

532 2452 693 2513 poeta
719 2437 977 2508 exemplis
1004 2440 1251 2507 Hippob‘ti
1276 2453 1330 2492 et
1352 2444 1750 2509 Bellerophontis,
1778 2458 2008 2511 quorum
2035 2440 2254 2491 castitas
2281 2440 2367 2493 vel
2387 2438 2444 2491 in
2466 2458 2686 2510 prover-

531 2522 687 2574 bium
704 2520 850 2573 venit
863 2559 878 2584 ,
899 2538 1140 2591 quosque
1155 2540 1308 2589 grave
1316 2526 1622 2592 propositum
1648 2538 1806 2577 castae
1827 2524 1952 2575 vitae
1967 2560 1982 2587 ,
1999 2522 2084 2575 vel
2107 2523 2366 2575 castitatis
2386 2521 2683 2589 servanda,

536 2622 645 2657 non
666 2621 697 2655 a
718 2602 970 2674 periculis
994 2615 1136 2655 tutos
1164 2606 1441 2675 praestitit,
1472 2606 1563 2659 sed
1597 2606 1652 2657 in
1679 2625 1742 2659 ea
1765 2605 1946 2681 potius
1973 2606 2216 2677 conjecit.
2255 2637 2322 2645 —
2354 2608 2488 2672 Quid
2499 2608 2690 2676 proficit

533 2772 789 2825 restitisse
810 2810 823 2834 ,
846 2782 898 2821 et
926 2770 1227 2824 castitatem
1256 2780 1523 2827 servasse?
1549 2804 1618 2814 -—
1640 2776 1955 2840 Hippolytus,
1990 2772 2186 2825 Thesei
2213 2772 2358 2823 filius
2381 2772 2683 2843 pulcherri-

534 2874 679 2913 mus.
720 2854 813 2926 qni
856 2872 887 2906 a
926 2852 1155 2911 Phaedra
1191 2874 1451 2921 noverca,
1486 2858 1639 2928 cujus
1674 2856 1878 2907 incesto
1915 2853 2085 2905 amori
2115 2874 2222 2907 non
2255 2854 2682 2927 obsequebatur,

532 2938 672 2990 salso
701 2934 847 3008 apud
872 2948 1078 3006 patrem
1107 2938 1277 3007 stupri
1303 2939 1644 2991 insimulatus
1660 2976 1674 2997 ,
1707 2950 1790 3001 et,
1813 2954 1980 3007 quum
2003 2938 2165 3008 hujus
2193 2938 2328 2989 iram
2355 2936 2592 3009 fugeret,
2613 2939 2682 2991 ab

534 3021 686 3091 equis
704 3059 721 3085 ,
754 3037 889 3089 quos
912 3018 1221 3088 Neptunus,
1249 3020 1445 3073 Thesei
1466 3020 1718 3091 precibus
1750 3018 1820 3071 ad
1847 3018 2144 3073 vindictam
2167 3034 2522 3092 provocatus,
2551 3040 2680 3075 con·

538 3112 897 3165 sternaverat,
924 3118 1085 3152 curru
1114 3101 1355 3173 dejectus
1386 3116 1736 3175 raptatusque
1765 3102 1956 3155 misere
1981 3105 2168 3175 periit3
2205 3104 2328 3157 vide
2359 3104 2520 3158 ovid.
2557 3105 2681 3161 Her.

474 3199 481 3208 '
538 3186 643 3250 IV,
666 3196 719 3236 et
737 3180 899 3237 ovid.
926 3183 1057 3234 Met.
1080 3182 1203 3246 XV,
1232 3191 1323 3253 49¹
1357 3204 1465 3256 seq.
1486 3187 1677 3256 Eurip.
1705 3198 1759 3239 et
1780 3186 1964 3237 Senec.
1987 3188 2042 3239 in
2069 3188 2292 3259 Hippol.
2307 3187 2495 3239 Athen.
2511 3188 2678 3251 XIII,

539 3264 571 3315 8
603 3268 772 3335 (74),
809 3284 863 3336 p.
901 3268 1023 3317 600.
1059 3265 1283 3337 Mythos
1318 3264 1383 3320 de
1414 3268 1716 3340 Hippolyto
1751 3269 1968 3339 exponit
1999 3270 2079 3322 ill.
2120 3274 2368 3321 (ἔνεικεν-’.ς
2403 3273 2679 3335 Symbulik,

540 3362 669 3400 tom.
693 3350 749 3399 II
768 3388 783 3409 ‚
812 3366 934 3419 pag.
961 3348 1082 3417 357,
1114 3349 1244 3417 489;
1272 3362 1401 3403 tom.
1428 3352 1531 3415 IV,
1557 3370 1680 3423 pag.
1713 3350 1808 3404 153
1842 3370 1948 3423 seq.
1973 3384 2042 3391 —
2071 3358 2420 3421 Bellerophon,
2447 3374 2539 3407 seu
2565 3356 2682 3407 Bel·

538 3432 915 3502 lerophontes‚
950 3430 1094 3483 filius
1128 3430 1326 3483 Glauci
1357 3446 1409 3485 et
1434 3434 1682 3505 Sisyphi,
1715 3434 2118 3489 Corinthiorum
2149 3440 2322 3509 regis,
2357 3457 2556 3508 nepos,
2589 3438 2684 3509 qui

538 3532 705 3584 quum
737 3532 769 3566 a
801 3515 1009 3576 Proeto,
1043 3516 1366 3587 Argivorum
1404 3535 1562 3587 rege,
1599 3517 1838 3589 hospitio
1873 3532 2124 3591 exceptus
2163 3531 2214 3571 et
2258 3520 2326 3573 ab
2373 3522 2487 3591 ejus
2517 3538 2684 3572 uxore

538 3598 813 3646 Stheneboea
842 3597 913 3649 ad
935 3596 1257 3650 adulterium
1281 3600 1541 3670 pellectus
1571 3614 1730 3664 esset,
1763 3614 1987 3671 propter
2017 3604 2284 3673 repulsam
2317 3605 2386 3657 ab
2417 3623 2478 3657 ea
2512 3603 2683 3675 stupri

539 3677 686 3749 apud
700 3680 951 3733 maritum
979 3694 1260 3734 accusatus
1276 3720 1291 3745 ,
1311 3696 1363 3735 et
1388 3681 1458 3734 ad
1480 3683 1703 3735 lobaten
1725 3702 1968 3736 socerum
1990 3687 2182 3739 missus
2201 3699 2280 3739 est
2299 3729 2313 3753 ,
2344 3700 2404 3739 ut
2425 3687 2493 3741 ab
2513 3708 2576 3741 eo
2597 3687 2682 3740 in·

540 3760 885 3814 tei-ficeretur.
912 3766 991 3815 De
1015 3764 1097 3817 his
1120 3777 1172 3817 et
1190 3765 1407 3837 reliquis
1430 3770 1545 3838 ejus
1571 3766 1694 3818 fatis
1722 3765 1845 3817 vide
1871 3768 2028 3819 Hom.
2058 3770 2138 3831 ΙΙ,
2168 3771 2222 3832 ζ,
2247 3771 2344 3822 152
2369 3788 2476 3840 seq.
2503 3770 2680 3841 Hcyn.

537 3841 609 3896 ad
626 3842 869 3913 Apollod.
899 3844 953 3895 ΙΙ
970 3884 984 3906 ,
1009 3845 1068 3911 3,
1096 3864 1143 3911 1,
1168 3860 1219 3899 et
1244 3849 1544 3901 Mitscherl.
1576 3847 1642 3900 ad
1677 3849 1865 3901 Horat.
1893 3848 2001 3902 Od.
2029 3852 2116 3902 111
2133 3890 2149 3915 ,
2183 3868 2265 3923 17,
2295 3852 2360 3905 13
2381 3871 2492 3923 seq.
2521 3851 2678 3904 Conf.

537 3930 784 3977 Creusa-'s
812 3928 1083 3990 Symbola,
1104 3939 1232 3983 tom.
1256 3931 1356 3995 IV,
1382 3950 1505 4002 pag.
1531 3934 1615 3983 62.

603 4096 737 4143 Vsa.
778 4094 894 4155 327.
936 4092 1213 4145 Stheneboea
1242 4102 1471 4149 revocavi
1490 4116 1553 4147 ex
1582 4100 1668 4163 46,
1695 4110 1778 4163 47,
1805 4102 1888 4160 48,
1916 4102 1998 4164 50,
2019 4104 2105 4161 62,
2125 4105 2214 4161 64,
2235 4104 2472 4167 quoniam
2499 4103 2680 4151 Grecis
