3050 4884
577 360 660 444 78
891 360 1234 426 VARIAE
1279 362 1861 430 LECTIONES
1909 367 2034 430 ΕΤ
2077 365 2382 431 No'rAE

638 473 693 525 N
694 491 779 525 or.
821 490 905 543 ²7·
940 475 1153 524 Setinum
1174 473 1389 539 vinum3
1412 473 1540 529 vide
1557 475 1631 528 ad
1647 478 1722 542 V,
1748 478 1834 539 34.
1855 507 1921 518 -—
1935 480 2140 528 Aaedebit
2154 519 2169 541 ‚
2189 478 2442 549 quoniam
2459 473 2706 547 splendet

570 559 623 608 in
643 577 795 622 aare,
824 557 933 610 hoc
954 569 1062 622 est,
1098 577 1265 612 aureo
1284 560 1487 631 poculo
1514 561 1607 628 (ut
1627 559 1700 624 V,
1722 560 1851 630 39),
1882 561 1968 614 vel
2003 579 2208 614 veneno
2233 560 2456 614 mixtum
2486 573 2596 623 est,
2621 560 2705 612 vel

570 642 751 713 potius
774 654 1045 695 austerum
1068 655 1123 696 et
1144 639 1382 695 calidum
1406 655 1513 704 est,
1543 656 1603 696 ut
1631 643 1940 710 Falernum,
1974 639 2042 697 de
2064 663 2173 716 quo
2200 643 2325 698 vide
2353 642 2422 696 ad
2449 643 2551 704 IV.
2581 643 2706 707 138,

576 726 675 792 139
696 766 712 790 ,
736 740 787 778 et
806 725 1101 779 Mitscherl.
1132 725 1203 778 ad
1227 727 1417 779 Horat.
1443 723 1551 779 Od.
1577 728 1663 790 11,
1686 745 1718 796 7
1737 767 1751 791 ,
1789 745 1846 778 at
1870 766 1886 791 ,
1914 727 2010 779 ubi
2034 739 2308 800 comparat
2336 726 2500 779 verba
2519 726 2702 798 Epigr-

570 809 627 862 in
656 809 887 862 Brunck.
923 809 1073 860 Anal.
1114 823 1241 862 tom.
1272 809 1392 871 111,
1426 826 1550 881 pag.
1581 813 1701 863 166.
1735 801 2100 862 Auenticum
2132 812 2186 863 τὸ
2219 813 2449 862 κὺπιλλον
2485 811 2708 877 (forsan

570 904 718 962 terge
743 890 1025 962 poculum,
1048 901 1107 942 ut
1131 886 1461 961 splendeat),
1485 907 1609 962 quoe
1629 893 1885 962 exponit:
1910 891 1994 945 fac
2021 904 2084 945 ut
2108 891 2319 956 ardeat,
2343 890 2704 964 resplendeat,

570 972 861 1045 inpleatur
900 972 1155 1043 poculum
1192 972 1309 1024 scil.
1346 973 1475 1025 vino
1489 1011 1506 1038 ,
1539 974 1726 1044 quales
1769 981 1995 1045 κρητῆρες
2035 975 2171 1028 οἴνοιο
2218 977 2478 1042 intertui<
2493 1014 2510 1041 ‚
2543 975 2704 1028 Hom.

572 1059 663 1123 11,
693 1061 751 1120 0,
794 1058 927 1120 232,
973 1054 1247 1108 dicuntur.

556 1197 565 1204 ’
640 1203 777 1248 Van.
818 1202 900 1250 28.
940 1200 1147 1264 Nonne,
1190 1200 1602 1258 16.—-La11des,
1635 1201 1714 1260 16,
1757 1216 1837 1262 17,
1877 1217 1956 1266 19,
1992 1219 2077 1263 ao,
2116 1205 2202 1262 23,
2236 1205 2318 1262 45.
2547 1267 2550 1270 ἢ

638 1301 772 1348 Van.
811 1315 895 1363 29·
933 1301 981 1347 A
1008 1297 1195 1361 limine,
1226 1312 1451 1356 10—-12,
1482 1294 1701 1358 15—27,
1728 1298 1950 1360 45—50,
1981 1300 2078 1360 54,
2105 1299 2200 1358 55,
2224 1295 2460 1360 57—63,
2479 1295 2711 1360 65—69,

573 1401 599 1444 7
615 1399 740 1441 1--7
751 1385 799 1432 3.

639 1481 773 1527 Van.
812 1480 891 1526 30.
934 1477 1211 1526 Contrarias
1238 1478 1379 1535 alter,
1427 1492 1524 1536 10,
1570 1493 1658 1536 12,
1696 1477 1916 1540 15—227,
1961 1478 2188 1537 45-50,
2213 1477 2440 1541 54—69.
2469 1487 2709 1538 71-74,

573 1579 655 1624 77,
692 1574 741 1610 et
774 1563 981 1609 xxxn
1006 1561 1142 1608 Mss,
1176 1560 1327 1608 Paris.
1349 1558 1495 1622 prob.
1518 1559 1644 1606 Aeb.
1665 1571 1837 1608 auctor
1868 1577 1912 1623 1,
1944 1562 2054 1610 cod.
2081 1563 2188 1610 Put.
2221 1573 2268 1610 et
2301 1562 2402 1610 duo
2440 1561 2523 1609 alii
2553 1547 2706 1610 Paris.

640 1656 779 1707 Nor.
820 1653 1046 1706 28—30.
1087 1653 1198 1704 Cur
1222 1652 1401 1723 itaque
1420 1651 1603 1722 magni
1617 1652 1844 1705 aestimas
1857 1671 2022 1725 opum
2043 1653 2376 1706 affluentiam
2401 1665 2454 1705 et
2473 1664 2708 1706 ostenta·

568 1739 803 1797 tionem,
848 1754 967 1808 quoe
999 1739 1146 1787 alteri
1178 1731 1239 1786 Ze
1279 1737 1612 1802 Sapie-nribus,
1647 1735 1880 1806 antiquis
1920 1735 2260 1808 philosophis
2283 1775 2295 1798 ‚
2334 1735 2529 1797 risum,
2566 1738 2712 1787 alteri

570 1833 755 1874 contra
784 1817 967 1871 fletum
988 1837 1201 1872 movere
1226 1817 1469 1872 solebat?
1504 1817 1613 1872 Sed
1641 1831 1855 1891 praestat
1877 1818 2012 1871 forte
2032 1819 2139 1872 hoc
2162 1821 2283 1872 loco
2306 1820 2376 1872 ita
2401 1837 2668 1890 exponere
2697 1836 2712 1870 τ

570 1903 765 1956 Nonne
799 1900 981 1973 itaque
1010 1901 1241 1971 probas,
1279 1899 1427 1974 quod
1466 1900 1917 1973 philosophorum
1954 1902 2090 1954 alter
2118 1903 2492 1970 (Democritus
2530 1900 2710 1955 Abde-

567 1985 733 2053 rites)
755 1995 1018 2055 perpetuo
1048 1983 1275 2055 ineptias
1300 1983 1477 2036 riserit
1493 1983 1774 2038 hominum
1789 2025 1804 2051 ,
1837 1985 1973 2038 alter
1992 1986 2359 2053 (Heraclitus,
2381 2004 2492 2038 non
2511 1986 2709 2056 Dioge·

572 2087 666 2122 nes
696 2068 949 2140 cynicus,
984 2067 1070 2121 vel
1097 2068 1417 2121 Anacharsis
1444 2068 1686 2141 Scytha)
1717 2069 1996 2123 stultitiam
2023 2089 2210 2123 eorum
2235 2085 2287 2124 et
2312 2071 2551 2125 miserias
2573 2090 2708 2124 sem-

568 2173 671 2226 per
686 2150 977 2206 defleverit.
995 2161 1013 2188 ¹
1042 2181 1107 2192 -
1132 2158 1321 2203 Auctor
1336 2155 1636 2217 contr-arim,
1655 2153 1761 2205 hoc
1785 2165 1865 2206 est
1879 2193 1895 2219 ,
1920 2155 2200 2208 contrariae
2219 2154 2488 2209 sententia
2503 2195 2518 2220 ,
2541 2155 2707 2208 scilic.

570 2235 845 2290 deflendas
868 2253 982 2288 esse
1001 2235 1227 2307 ineptias
1249 2235 1533 2287 hominum
1555 2247 1608 2287 et
1629 2237 1887 2290 miserias.

636 2381 774 2430 Van.
813 2383 895 2429 31.
936 2379 1026 2428 cm·
1050 2379 1119 2426 vis
1134 2415 1149 2440 ,
1187 2377 1249 2430 15
1264 2413 1281 2440 ‚
1324 2381 1405 2431 16.
1428 2378 1598 2447 Rigida·
1615 2380 1792 2444 cuivis,
1817 2381 1882 2430 al.

639 2474 779 2525 Nor.
818 2473 907 2536 31,
927 2473 1011 2525 32.
1050 2471 1243 2524 Facete
1267 2469 1436 2524 dicit:
1456 2471 1618 2525 facile
1644 2485 1725 2525 est
1747 2471 1955 2537 ridere,
1989 2471 2080 2526 sed
2106 2472 2332 2537 mirum,
2357 2471 2503 2525 unde
2535 2473 2706 2527 Hera·

568 2556 699 2609 clito
734 2567 887 2608 tanta
922 2555 1285 2628 lacrymarum
1326 2554 1483 2626 copia
1518 2556 1854 2626 suppetierit.
1887 2553 2124 2621 Quidam
2157 2573 2221 2608 eo
2255 2557 2444 2626 respici
2483 2565 2707 2626 putant,

566 2637 718 2710 quod
742 2657 808 2691 ex
842 2637 1093 2712 hydrope
1126 2649 1375 2690 mortuus
1405 2636 1617 2690 dicatur
1647 2638 1967 2691 Heraclitus.
2000 2669 2064 2680 -
2101 2643 2345 2699 Censura,
2383 2639 2706 2708 vituperatio

564 2722 917 2793 ineptiarum,
942 2737 1192 2793 expressa
1210 2723 1474 2779 caehinno.
1506 2751 1576 2760 —
1597 2723 1764 2788 Rigida·
1775 2759 1792 2786 ,
1815 2720 1940 2774 duri
1955 2761 1970 2786 ,
1995 2721 2203 2785 acerbi3
2229 2720 2320 2773 sed
2347 2721 2564 2792 proprie
2587 2739 2705 2772 cen·

564 2825 681 2856 seem
705 2817 785 2858 est
802 2806 983 2874 rigida.
1010 2804 1169 2857 Conf.
1193 2801 1265 2855 ad
1294 2804 1377 2854 xl
1392 2841 1407 2866 ,
1430 2817 1494 2871 91
1510 2841 1530 2865 ,
1547 2803 1604 2854 in
1628 2803 1759 2855 Var.
1785 2806 1929 2857 Lect-

632 2903 773 2953 Nor.
810 2899 875 2952 33
910 2915 1019 2968 seq.
1055 2897 1397 2950 Democritus
1430 2907 1692 2968 perpetuo
1725 2895 1940 2950 ridebat
1973 2897 2080 2948 illis
2115 2896 2443 2967 temporibus
2475 2915 2538 2950 ac
2572 2898 2706 2952 locis

564 2986 795 3052 (urbibus
827 2980 1078 3049 Thraciae
1099 3019 1114 3043 ,
1147 2979 1358 3033 Abdera
1386 2993 1441 3033 et
1472 2979 1628 3048 aliis)
1647 3019 1660 3040 .
1693 2981 1890 3050 quibus
1919 2979 2157 3032 nondum
2189 2993 2298 3032 tam
2327 2978 2557 3033 ridicula
2589 2995 2706 3035 erat

564 3066 771 3118 vanitas
790 3073 1231 3116 ornamentorum
1254 3073 1308 3114 et
1332 3061 1775 3132 magnificentiae3
1806 3075 2010 3133 quanto
2033 3081 2203 3132 magis
2223 3064 2443 3124 risisset,
2467 3065 2514 3116 si
2545 3065 2707 3118 vixis-

564 3162 645 3202 set
666 3161 849 3201 nostra
872 3158 1025 3199 etate
1043 3157 1097 3198 et
1120 3144 1337 3196 Romae?
1367 3145 1524 3197 Conf.
1561 3145 1750 3197 Horat.
1773 3147 1940 3217 Epist.
1969 3147 2052 3211 11,
2086 3163 2131 3207 1,
2162 3154 2256 3212 194
2279 3165 2384 3218 seq.
2415 3179 2484 3188 —-
2507 3153 2702 3199 Pulmo-

560 3253 669 3286 nem
704 3236 929 3301 agitare,
962 3245 1183 3290 vexare,
1220 3239 1538 3293 concutere,
1580 3230 1678 3279 risu
1715 3228 1992 3281 solutiore.
2025 3231 2188 3282 Vetus
2222 3231 2403 3284 Schol.
2443 3233 2607 3302 «quia
2637 3249 2702 3284 ex

562 3319 745 3389 splene
768 3317 935 3370 risum
957 3312 1145 3368 dicunt
1169 3313 1339 3384 gigni.
1358 3321 1383 3348 ⁸
1406 3335 1427 3356 ·

632 3463 769 3512 Vsu.
808 3463 889 3517 34.
924 3460 1068 3510 Esset
1096 3457 1179 3519 iu,
1214 3474 1277 3521 19
1302 3471 1331 3506 a
1356 3471 1527 3519 nupt.
1554 3455 1734 3504 Essene
1752 3471 1845 3520 pro
1871 3468 1995 3505 essee
2017 3458 2241 3506 revocavi
2261 3473 2326 3506 ex
2367 3473 2447 3519 11,
2479 3455 2700 3521 15-17,

570 3559 799 3607 19—22,
826 3543 1033 3590 61-63
1052 3575 1067 3600 ,
1098 3543 1181 3602 76.
1851 3536 1858 3551 “

633 3639 773 3685 Vnt.
816 3633 897 3686 35.
933 3639 1199 3684 Pneteoetoe
1225 3635 1433 3694 trabea,
1462 3649 1544 3694 11,
1571 3631 1662 3694 15,
1687 3634 1838 3698 prob.
1855 3635 2090 3685 Selius-nil.
2109 3637 2198 3699 qui
2217 3635 2448 3700 putabat,
2471 3635 2699 3686 librarios

564 3721 687 3770 male
706 3720 974 3784 geminasse
1000 3719 1193 3768 literam
1212 3720 1421 3783 primam
1436 3719 1576 3766 vocis
1595 3718 1794 3766 trabeae.

1403 3841 1866 3862 mmmm

640 3941 658 3966 ¹
698 3934 775 3980 De
790 3946 886 3995 qua
898 3929 1059 3978 sabula
1069 3929 1171 3977 vid.
1186 3929 1297 3977 Sen.
1312 3929 1374 3978 de
1390 3932 1469 3976 Ira
1480 3964 1494 3986 ‚
1508 3929 1558 3976 11
1569 3963 1586 3986 ‚
1676 3927 1738 3974 ad
1750 3925 1923 3977 Claud.
1942 3929 2090 3974 xvn
2103 3963 2118 3986 ‚
2136 3943 2228 3989 9o;
2245 3925 2381 3975 Suid.
2399 3929 2554 3977 Laert.
2566 3939 2616 3977 et
2633 3929 2697 3979 al.

574 4031 658 4075 10,
684 4024 734 4061 et
758 4013 823 4060 de
842 4013 1023 4074 Tranq.
1046 4009 1199 4057 animi
1214 4043 1229 4068 ,
1259 4011 1347 4070 ¹53
1384 4011 1583 4057 Lucian.
1749 4013 1770 4038 ²
1805 4007 1948 4054 Conf-
1969 4007 2120 4054 Hard.
2141 4006 2206 4054 ad
2227 4007 2353 4055 Plin.
2379 4009 2482 4068 xl,
2507 4009 2588 4071 37,
2607 4027 2696 4058 seu

569 4089 681 4153 βίων
700 4091 897 4157 πρᾶσις,
916 4099 965 4137 et
978 4089 1039 4136 de
1053 4087 1218 4136 Sacris.
1238 4097 1361 4136 extr.
1374 4089 1584 4151 Koenig.
1677 4089 1760 4144 80,
1781 4096 1831 4133 et
1846 4085 2054 4135 Casanb.
2075 4085 2134 4134 ad
2157 4088 2288 4135 Pers.
2305 4089 2330 4133 1
2345 4122 2361 4149 ,
2387 4101 2465 4134 xa.
