3050 4884
537 383 659 450 188
847 389 1192 456 VARIAE
1235 387 1833 452 LECTIONES
1876 388 2008 453 ΕΤ
2054 389 2355 457 NOTAE

525 499 638 552 Sat.
663 513 848 556 nostra
875 502 1184 573 passimque
1209 499 1472 555 describit
1497 513 1553 553 et
1577 500 1910 572 perstringit.
1941 503 2123 568 Quam
2162 503 2409 556 solennis·
2433 523 2563 558 vero
2594 504 2691 558 ille

527 598 645 633 mos
669 583 858 648 fuerit,
892 586 1008 656 jam
1037 603 1102 636 ex
1142 603 1207 636 eo
1243 583 1583 655 intelligitur,
1606 581 1756 656 quod
1783 584 2033 637 Macrob.
2064 585 2172 638 loc.
2200 585 2349 640 laud.
2379 585 2577 653 tradit,
2618 607 2689 640 ne

527 664 885 738 philosophos
905 664 1127 738 quidem
1146 666 1378 720 defuisse
1392 706 1409 730 ‚
1443 667 1541 739 qui
1561 667 1817 738 psaltrias
1839 667 1898 721 in
1922 669 2171 723 convivia
2199 669 2487 723 intromitti
2513 671 2689 742 jusse-

523 746 654 802 rint.
679 747 838 802 Conf.
863 761 917 802 et
934 749 1076 802 Gell.
1097 749 1235 804 xlx
1251 788 1267 811 ,
1289 767 1342 818 9.
1364 780 1436 792 --
1457 755 1522 802 Ut
1538 753 1797 803 Gaditana
1806 751 1990 824 puella
2016 755 2221 821 incipiat
2234 756 2445 820 pmrim,
2465 752 2689 806 mollem

523 830 895 904 lascivamque
929 832 1175 905 corporis
1200 847 1410 887 motum
1447 833 1637 900 edere,
1676 854 1731 912 m
1768 854 1955 887 canem
1976 837 2151 900 choro,
2180 837 2237 888 in
2280 837 2449 889 choro
2487 836 2692 888 saltan-

525 913 662 967 tium
691 917 1111 990 canentiumque
1146 918 1482 991 puellarum3
1520 918 1629 971 nisi
1663 937 1879 970 canor-m
1918 921 2095 970 chorus
2136 931 2217 972 est
2254 919 2437 989 potius
2470 919 2691 972 saltatio

527 1015 652 1050 cum
677 1013 842 1053 cantu
855 1002 1044 1072 juncta
1059 1041 1075 1066 ‚
1105 1013 1167 1053 ut
1191 1003 1402 1052 lascivus
1421 1003 1594 1053 chorus
1614 1000 1764 1074 apud
1785 1003 1993 1055 Tibull.
2014 1002 2098 1066 11,
2128 1021 2173 1066 1,
2195 1003 2282 1056 88.
2308 1015 2327 1040 ¹
2348 1006 2691 1071 ——Probaeae,

527 1081 763 1136 laudato
784 1096 840 1138 et
863 1084 1099 1138 incitatae
1117 1087 1302 1152 plausu
1330 1086 1795 1149 accumbentium,
1822 1085 2193 1138 convivarum.

599 1179 744 1231 Nor.
786 1183 905 1244 164.
943 1183 1034 1232 Ad
1051 1196 1238 1232 tot-mm
1264 1183 1593 1242 descendant,
1626 1195 1827 1235 terrum
1846 1180 2077 1254 pedibus
2093 1221 2109 1248 ‚
2134 1183 2242 1235 alte
2263 1181 2423 1254 jactis
2440 1222 2456 1247 ,
2478 1181 2565 1235 vel
2583 1181 2694 1234 sal-

528 1259 674 1314 tibus
703 1263 1065 1358 tripudiisque
1094 1263 1391 1332 indecoris,
1419 1265 1667 1337 pulsent;
1704 1268 1909 1318 tremulo
1940 1270 2114 1332 clune,
2140 1264 2339 1318 lumbis
2362 1264 2693 1336 natibusque

527 1342 730 1399 lascive
753 1347 917 1401 motis
937 1360 990 1402 et
1012 1347 1307 1402 vibratis.²

600 1446 740 1498 Nor.
785 1446 902 1499 165.
940 1446 1077 1511 Qun
1099 1443 1284 1498 omnia
1313 1456 1439 1498 sunt
1463 1447 1774 1498 ὺτίεωηεηεα
1802 1447 2029 1511 Veneris,
2052 1458 2156 1499 etc.
2184 1445 2341 1498 Cbnl'.
2370 1463 2498 1498 mox
2518 1443 2591 1498 sd
2607 1465 2689 1500 vs.

417 1573 430 1594 ,
534 1531 652 1583 168.
673 1559 736 1570 -—-
765 1535 972 1592 Urticae5
1002 1527 1116 1584 vid.
1137 1529 1208 1583 ad
1229 1531 1317 1593 11,
1349 1531 1466 1583 128.

599 1691 738 1739 Van.
781 1691 896 1740 166.
933 1691 1002 1738 Et
1022 1689 1200 1756 major,
1226 1695 1308 1740 52.
1333 1719 1402 1729 —
1425 1692 1579 1756 Ipsa,
1612 1694 1692 1753 18,
1717 1708 1803 1756 27,
1831 1691 2058 1752 46—50,
2076 1689 2170 1750 54,
2189 1689 2278 1749 58,
2301 1690 2385 1747 64.

601 1785 741 1836 Nor.
785 1789 902 1836 166.
943 1785 1075 1838 Hanc
1111 1783 1508 1839 Gaditana-um
1544 1785 1793 1839 crissatio
1829 1787 2149 1858 saltatioque
2176 1785 2367 1858 majori
2395 1783 2568 1839 afficit
2592 1803 2691 1838 vo·

525 1869 738 1938 luptate
779 1885 844 1921 ae
880 1867 1112 1922 libidine
1149 1875 1380 1930 alterum,
1415 1870 1706 1923 femineum
1724 1909 1739 1934 ,
1770 1889 1981 1930 sexuum·
2014 1868 2164 1940 (vid.
2192 1869 2263 1923 ad
2288 1869 2403 1930 VI,
2432 1869 2552 1933 254.
2575 1871 2597 1938 )
2621 1897 2698 1911 —

527 1956 699 2024 Magis
727 1957 810 2006 ille
838 1973 994 2008 sexus
1023 1959 1312 2006 extenditur
1334 1955 1407 2008 ad
1426 1954 1697 2010 Venerem
1728 1958 1749 2023 (
1768 1955 1845 2009 ita
1864 1969 1971 2008 vet.
1994 1956 2181 2009 Schol.
2205 1958 2259 2024 )‚
2281 1955 2525 2028 erigitur,
2548 1956 2696 2010 exci-

526 2050 678 2092 tatur
699 2037 772 2091 sd
792 2037 1080 2092 libidinem
1098 2077 1113 2102 ,
1144 2040 1230 2092 vel
1252 2039 1434 2111 potius
1456 2037 1757 2093 intenditur
1780 2041 1802 2108 (
1823 2043 2005 2091 homme
2027 2041 2079 2090 in
2104 2045 2385 2108 Spannung
2398 2061 2419 2101 ,·
2448 2041 2651 2094 Bahrdt.
2672 2045 2696 2110 )

525 2137 578 2174 ee
596 2144 716 2176 mox
737 2127 883 2176 urina
901 2139 1144 2185 movetur,
1163 2127 1366 2178 auribus
1383 2139 1539 2191 aequm
1554 2127 1708 2175 oeulis
1725 2139 1986 2193 concepta,
2000 2125 2109 2177 hoc
2122 2137 2203 2178 est
2214 2165 2231 2190 ,
2250 2125 2497 2178 irritatur
2514 2142 2696 2178 semen

529 2208 794 2279 genitale,
822 2206 1051 2261 libidine
1077 2207 1314 2260 excitata
1351 2205 1541 2260 auditu
1570 2208 1851 2262 cantilenas
1878 2221 1932 2263 et
1964 2208 2085 2262 visu
2115 2208 2417 2262 saltationis
2443 2209 2658 2264 lasciva
2680 2229 2697 2262 τ

526 2304 594 2346 ut
615 2293 719 2355 vt,
739 2291 806 2344 63
835 2310 946 2364 seq.
971 2305 1026 2344 et
1046 2291 1290 2344 Martial.
1311 2291 1466 2352 xlv,
1487 2291 1611 2344 203.
1635 2290 1661 2328 ³
1698 2322 1769 2333 —
1786 2292 1906 2345 Alio
1926 2311 2087 2346 sensu
2105 2311 2289 2346 versus
2318 2293 2523 2346 166—8
2552 2293 2699 2364 cepit

525 2375 856 2438 Henninius,
895 2376 1050 2446 cujus
1078 2386 1218 2426 nota·
1243 2386 1359 2426 est:
1389 2372 1660 2426 -Videtur
1696 2387 1859 2445 poeta
1884 2386 2102 2446 tangere
2122 2393 2329 2428 morem
2353 2375 2691 2437 beatiorum,

529 2459 628 2531 qui
655 2457 968 2512 scitissimas
990 2457 1274 2529 utriusque
1291 2476 1448 2510 sexus
1467 2456 1690 2510 alebant
1713 2454 1974 2511 delicias'
1958 2477 2019 2510 m
2040 2457 2316 2557 Venerem
2334 2457 2559 2519 fractas,
2582 2476 2698 2511 ens-

531 2713 676 2766 Gell.
699 2712 834 2765 XIX
849 2752 866 2776 ,
898 2729 948 2781 9.
981 2709 1090 2766 Sed
1116 2726 1302 2771 tamen,
1331 2711 1409 2764 sit
1433 2713 1634 2765 Noster
1660 2723 1716 2764 et
1742 2709 2081 2782 indignatur,
2110 2712 2385 2784 majorem
2408 2710 2510 2764 isti·
2532 2712 2699 2765 Joves

529 2796 868 2868 voluptatem
889 2793 1117 2867 capiunt
1142 2813 1208 2847 ex
1233 2793 1645 2868 Ganymedibus
1677 2796 1786 2850 suis
1810 2808 1866 2848 et
1889 2795 2152 2868 Bathyllis
2174 2813 2472 2866 eorumque
2492 2802 2697 2866 τορνικῇ
2769 2817 2799 2840 e

533 2879 890 2948 καλλιφωνίᾳ.»
926 2877 1202 2932 Henninio
1225 2877 1633 2951 adstipulantur
1667 2881 1899 2930 Dusaulx
1930 2889 1985 2931 et
2016 2881 2317 2940 Achaimm,
2341 2877 2435 2949 qui
2459 2877 2518 2930 h.
2546 2878 2585 2932 l.
2620 2879 2700 2930 ita
2758 2899 2787 2930 ο

531 2965 788 3036 exponit:
819 2963 1094 3017 nLascivis
1129 2963 1511 3018 saltationibus
1546 2975 1601 3016 et
1638 2963 1920 3017 cantilenis
1961 2959 2353 3015 Gaditana-um
2388 2961 2698 3034 puellamm

531 3050 676 3121 aptis
719 3046 791 3100 ad
823 3048 1088 3100 Venerem
1129 3046 1452 3101 irritandam
1490 3060 1651 3120 poeta
1692 3045 1928 3119 opponit
1959 3044 2275 3098 saltationes
2309 3058 2364 3098 et
2402 3044 2699 3099 cantilenas

536 3132 980 3196 adolescentium,
1000 3131 1171 3204 veluti
1193 3131 1263 3185 ad
1282 3130 1627 3186 excitandam
1652 3131 1937 3184 libidinem
1955 3126 2187 3182 divitum
2202 3129 2523 3201 plerumque
2541 3129 2702 3182 drau-

535 3235 725 3272 corum
747 3228 802 3269 et
820 3212 1168 3287 pathicorum
1195 3215 1432 3286 aptiores
1453 3229 1510 3269 et
1525 3214 1878 3270 efficaciores.
1894 3241 1968 3255 --
1982 3215 2149 3280 Major
2159 3225 2326 3264 tamen
2347 3215 2443 3265 ista
2464 3215 2699 3277 voluptas

533 3319 687 3352 sexus
712 3299 939 3362 alterius,
961 3295 1275 3357 masculini,
1309 3297 1438 3369 quia
1465 3296 1524 3350 in
1550 3296 1799 3349 formosis
1828 3292 2263 3348 adolescentibus
2288 3291 2697 3368 Ganymedibus

535 3382 879 3455 reperiuntur
898 3376 1174 3451 conjuncti
1199 3376 1511 3432 saltationes
1526 3379 1751 3432 lubrica
1772 3390 1829 3431 et
1850 3389 2028 3431 motus
2052 3376 2275 3440 lascivi,
2300 3379 2524 3450 ejusque
2540 3395 2697 3430 sexus

1378 3543 1847 3565 mmmm-OQ

611 3688 630 3712 ¹
671 3679 897 3742 Plerique
925 3679 980 3726 b.
1011 3677 1112 3726 loc.
1143 3673 1340 3741 prm-im
1379 3673 1566 3722 dictum
1656 3673 2172 3739 admissurae,idque,
2198 3684 2256 3722 ut
2270 3673 2426 3738 magis
2446 3673 2699 3721 intuentes

535 3768 712 3826 putant
741 3773 869 3823 pro:
900 3757 1145 3821 pruritum
1172 3753 1398 3803 libidinis
1431 3753 1568 3800 exci-
1656 3753 1888 3801 convivas
1926 3753 2149 3815 irritent,
2202 3753 2347 3802 clune
2392 3751 2609 3801 tremulo
2646 3761 2699 3800 et

537 3855 665 3899 tare,
700 3837 885 3886 scilicet
919 3837 974 3884 in
1009 3835 1263 3894 convivis3
1298 3851 1408 3898 quae
1443 3833 1571 3882 ratio
1658 3833 1913 3880 crisante.

540 3918 714 3968 durior
759 3925 848 3964 est.
895 3915 1080 3964 Confer
1123 3925 1290 3963 tamen
1337 3927 1460 3962 mox
1504 3910 1571 3960 ad
1731 3907 1756 3947 ³
1791 3912 1936 3961 Conf.
1958 3913 2021 3961 ad
2037 3915 2141 3971 vt,
2162 3913 2229 3961 63
2257 3925 2362 3975 seq.
2384 3913 2579 3969 et31-43
2602 3911 2698 3960 ca-

539 4016 614 4049 vs.
664 3998 782 4046 168.
1658 3991 1801 4040 saub.
1835 3991 1901 4039 ad
1928 3993 2064 4041 Pers.
2089 3994 2138 4053 1,
2166 4008 2267 4049 πο,
2288 4006 2377 4051 21,
2403 4000 2452 4038 et
2484 3990 2691 4039 Lucian.

612 4082 636 4109 ²
673 4075 896 4124 Lubinus
921 4082 974 4121 et
999 4073 1114 4120 alii:
1137 4073 1204 4120 ad
1235 4085 1418 4122 terram
1451 4087 1570 4136 pro·
1658 4071 1853 4136 Nigr-in.
1870 4087 1917 4120 c.
1949 4071 2031 4130 15,
2057 4074 2120 4121 ιδ
2140 4071 2296 4140 (Opp.
2318 4080 2438 4119 tom.
2459 4070 2484 4117 1
2501 4104 2517 4130 ‚
2536 4085 2585 4134 p.
2607 4083 2691 4131 ⁶70,

539 4157 776 4208 cumbam
792 4191 808 4217 ,
845 4153 988 4220 quasi
1025 4153 1092 4202 ad
1126 4169 1231 4203 sese
1269 4161 1572 4218 stupratores
1660 4149 1740 4200 ed.
1760 4148 2017 4214 Schmid.)
