3050 4884
603 377 686 441 52
1154 378 1234 442 D.
1295 377 1569 442 JUNII
1627 374 2189 441 JUVENALIS

601 490 1046 583 Temporibus
1075 490 1238 560 diris
1261 491 1512 595 igitur,
1542 491 1867 583 jussuque
1894 490 2222 575 Neronis,
2684 499 2750 551 15

599 602 988 695 Longinum
1009 654 1030 687 ,
1074 615 1144 668 et
1179 624 1458 697 magnos
1487 603 1754 670 Senecae
1787 598 2153 695 praedivitis
2184 599 2418 667 hortos

601 708 886 797 Clausit,
913 724 981 777 et
1007 711 1302 805 egregias
1329 712 1820 779 Lateranorum
1845 709 2103 779 obsidet
2128 708 2304 777 aedes

599 820 774 886 Tota
801 817 1046 887 cohors
1073 845 1090 886 :
1118 842 1309 887 rarus
1336 818 1524 886 venit
1553 819 1625 885 in
1652 816 1996 887 coenacula
2020 816 2226 885 miles.

601 929 828 995 Pauca
861 925 1015 996 licet
1049 941 1282 1021 portes
1313 929 1575 1023 argenti
1606 926 1874 997 vascula
1904 928 2095 1023 puri,

600 1041 822 1111 Nocte
863 1041 993 1108 iter
1030 1041 1370 1135 ingressus
1405 1040 1703 1137 gladium
1736 1056 2150 1136 contumque
2185 1039 2481 1121 timebiS‚
2682 1072 2750 1103 20

596 1152 692 1219 Et
721 1164 919 1219 motae
944 1148 1030 1218 ad
1065 1148 1294 1221 lunam
1327 1150 1689 1245 trepidabis
1717 1149 2066 1221 arundinis
2096 1151 2403 1219 umbram
2432 1174 2448 1215 τ

599 1260 914 1329 Cantabit
936 1285 1186 1331 vacuus
1217 1286 1445 1331 coram
1475 1260 1736 1331 latrone
1766 1263 2007 1330 viator.

697 1370 920 1437 Prima
956 1368 1095 1439 fere
1131 1385 1322 1459 vota,
1359 1386 1426 1439 et
1462 1372 1723 1441 cunctis
1758 1371 2107 1440 notissima
2142 1368 2437 1463 templiS,

600 1480 913 1567 Divitiae3
951 1496 1258 1549 crescant
1291 1496 1368 1549 ut
1403 1506 1604 1575 opes,
1638 1497 1718 1550 ut
1746 1482 2031 1551 maxima
2068 1495 2213 1549 toto

601 1590 852 1659 Nostra
887 1589 972 1657 sit
1004 1613 1160 1657 arca
1195 1588 1349 1657 foro
1383 1614 1398 1657 t
1439 1589 1557 1658 sed
1590 1590 1777 1660 nulla
1802 1592 2067 1661 aconita
2094 1590 2423 1658 bibuntur
2679 1605 2745 1657 25

599 1695 944 1765 Fictilibus
974 1721 991 1765 ε
1029 1711 1193 1765 tunc
1233 1695 1345 1765 illa
1377 1698 1569 1785 time,
1608 1724 1820 1792 quum
1860 1698 2101 1791 pocula
2136 1721 2356 1766 sumes

598 1806 994 1891 Gemmata‚
1035 1821 1103 1875 et
1138 1805 1272 1875 lato
1310 1807 1617 1876 Setinum
1652 1808 1913 1878 ardebit
1948 1809 2017 1875 in
2053 1832 2242 1875 auro.

693 1917 934 1983 Jamne
969 1915 1174 2010 igitur
1209 1915 1472 2002 laudas,
1513 1915 1698 2010 quod
1740 1916 1823 1986 de
1864 1916 2273 2010 sapientibus
2308 1914 2474 1984 alter

599 2023 884 2092 Ridebat
905 2077 925 2111 ,
967 2025 1226 2118 quoties
1261 2024 1350 2093 de
1387 2024 1619 2093 limine
1656 2042 1959 2095 moverat
1992 2052 2203 2095 unum

603 2132 1117 2228 Protuleratque
1146 2135 1420 2228 pedem,
1449 2136 1653 2205 flebat
1680 2137 2055 2207 contrarius
2080 2134 2360 2205 auctor?
2673 2152 2745 2204 30

600 2356 701 2401 est.
749 2346 832 2401 Ea
873 2362 1065 2403 caussa
1110 2349 1388 2408 nimirum
1435 2352 1547 2408 fuit
1570 2394 1588 2421 ‚
1636 2369 1743 2408 cur
1793 2349 2155 2425 temporibus
2200 2350 2281 2405 ob
2328 2348 2747 2422 imperatorum

599 2436 873 2491 saevitim
916 2436 1182 2511 funestis,
1223 2444 1461 2514 milites,
1505 2446 1747 2519 jubente
1791 2446 2055 2513 Nerone,
2096 2444 2156 2498 in
2192 2441 2459 2498 Laterani
2494 2452 2553 2497 et
2588 2442 2747 2497 Lon-

599 2525 724 2601 gini
760 2528 1088 2601 splendidas
1119 2530 1298 2605 aedes,
1338 2536 1403 2591 iu
1437 2536 1636 2592 villam
1679 2536 1973 2611 ingentem
2013 2538 2245 2593 Senecae
2285 2534 2465 2609 regali
2506 2544 2745 2609 sumptu

600 2629 974 2691 exstructam,
1027 2622 1269 2682 immissi
1313 2627 1534 2684 fuerint
1560 2628 1663 2703 qui
1708 2647 1801 2685 eas
1846 2628 2214 2695 obsiderent,
2260 2645 2327 2681 ac
2371 2625 2639 2682 dominos
2669 2626 2749 2681 ad

598 2722 848 2767 mortem
879 2713 1198 2790 adigerent.
1247 2720 1406 2773 Raro
1451 2721 1512 2774 in
1560 2732 1817 2795 angusta
1858 2722 2160 2775 caenacula
2204 2716 2465 2773 cohortes
2492 2728 2747 2771 armatoe

601 2803 918 2859 mittuntur.
963 2808 1240 2875 Quamvis
1281 2808 1429 2865 feras
1475 2829 1657 2885 pau-ca
1693 2830 1763 2866 ex
1802 2820 2045 2885 argento
2084 2828 2207 2865 non
2248 2810 2444 2865 caelato
2477 2828 2612 2865 vasa
2634 2850 2651 2879 ,
2694 2810 2745 2866 si

599 2913 708 2968 per
741 2906 974 2953 noctem
1012 2898 1120 2953 viae
1158 2910 1214 2955 te
1248 2901 1599 2971 committas,
1638 2903 1923 2958 latronem
1958 2902 2335 2957 nihilominus
2369 2902 2562 2978 gladio
2596 2921 2746 2960 con—

601 2994 782 3060 toque
821 2997 1106 3043 armatum
1139 2989 1479 3048 formidabis
1498 3034 1514 3060 ,
1560 3004 1620 3049 et
1652 2992 1729 3047 ad
1774 2993 2043 3049 umbram
2070 2992 2373 3048 arundinis
2410 3003 2593 3049 vento
2632 2994 2745 3049 sub

601 3076 799 3133 lunam
829 3077 1056 3153 agitatae
1086 3083 1447 3156 expallesces.
1478 3086 1687 3140 Viator
1716 3096 1959 3161 argento
1990 3102 2202 3140 vacuus
2230 3084 2296 3140 in
2326 3084 2565 3140 latronis
2595 3102 2745 3142 con-

600 3178 804 3243 spectu
830 3180 1014 3227 canet.
2186 3234 2195 3241 ,

684 3260 780 3316 23.
823 3260 895 3317 Id
924 3262 1186 3321 homines
1215 3264 1338 3323 fere
1365 3286 1568 3326 omnes
1594 3268 1803 3325 misere
1827 3269 2091 3343 cupiunt3
2120 3268 2183 3326 id
2204 3289 2235 3323 a
2262 3270 2499 3343 Superis
2524 3270 2745 3343 palam,

604 3368 784 3422 quum
813 3350 1031 3408 adeunt
1061 3358 1296 3429 templa,
1319 3361 1649 3431 postulant,
1678 3371 1747 3417 ut
1774 3370 2094 3436 augeantur
2122 3360 2365 3427 divitiis,
2399 3360 2637 3434 opibus3
2671 3372 2743 3415 ut

603 3440 810 3499 eorum
839 3464 970 3502 arca
999 3447 1246 3505 maxima
1283 3449 1358 3505 sit
1391 3452 1548 3509 inter
1576 3453 1731 3523 illas,
1761 3470 1889 3528 quoe
1918 3465 2224 3510 servantur
2251 3453 2313 3507 in
2342 3453 2493 3509 foro.
2530 3452 2649 3509 Sed
2678 3452 2741 3508 in

603 3534 827 3607 poculis
847 3554 922 3591 ex
938 3538 1137 3613 argilla
1159 3539 1306 3597 fictis
1325 3544 1469 3599 nihil
1493 3556 1579 3602 est
1602 3565 1635 3601 a
1656 3563 1882 3602 veneno
1903 3546 2147 3621 periculi
2155 3568 2172 3617 ;
2202 3557 2342 3601 tunc
2360 3544 2509 3601 illud
2528 3546 2741 3601 merito

605 3621 946 3695 reformida,
980 3630 1210 3702 quamdo
1239 3652 1446 3691 aureus
1474 3638 1723 3712 scyphus
1732 3678 1749 3706 ,
1782 3638 2021 3714 gemmis
2058 3648 2327 3710 ornum,
2368 3648 2427 3692 et
2456 3654 2741 3711 generoso

605 3716 810 3789 plenus
841 3718 1014 3790 vino,
1043 3735 1111 3780 ut
1134 3725 1366 3800 Setino,
1400 3730 1507 3786 tibi
1534 3732 1886 3807 porrigetur.

687 3808 780 3864 28.
830 3810 1026 3879 Quum
1045 3816 1166 3872 haec
1196 3816 1275 3875 ita
1293 3840 1354 3877 se
1379 3822 1631 3880 habeant
1645 3866 1662 3895 ,
1686 3844 1884 3881 nonne
1902 3824 2021 3897 jam
2048 3822 2259 3880 merito
2284 3818 2603 3878 laudandos
2622 3838 2744 3879 esse

603 3900 879 3977 intelligis
922 3908 1122 3965 ambos
1145 3912 1278 3969 illos
1308 3915 1719 3992 philosophos,
1755 3936 2005 3992 quorum
2042 3917 2205 3984 alter,
2234 3915 2461 3989 quoties
2490 3934 2523 3971 e
2561 3914 2743 3972 domo

602 3993 867 4067 prodiret
909 3996 968 4053 in
999 4002 1324 4077 publicum,
1350 4008 1506 4079 risu,
1539 4012 1685 4067 alter
1704 4022 1907 4066 contra
1932 4008 2077 4065 fletu
2105 4008 2455 4064 dementiam
2486 4019 2544 4063 et
2575 4008 2738 4082 inep-

603 4082 708 4139 tias
746 4084 1045 4147 hominum
1079 4099 1581 4171 prosequebatur?
1626 4102 1876 4158 Videtur
1904 4113 2091 4157 tamen
2124 4118 2243 4155 esse
2288 4100 2508 4155 facilius
2546 4118 2741 4157 mores
