3050 4884
989 370 1363 435 SATIRA
1407 371 1818 438 DECIMA.
2366 378 2448 463 67

311 488 594 569 Eva-sa,
633 496 701 552 et
737 484 1024 553 flammis·
1061 485 1282 553 Asiam
1313 483 1629 579 ferroque
1662 487 2029 556 cadentem.

311 592 510 661 Tunc
538 590 722 661 miles
753 592 1072 663 tremulus
1106 593 1324 686 posita
1355 593 1510 662 tulit
1537 619 1722 664 arma
1748 598 1943 683 tiara,

311 702 400 769 Et
429 703 568 771 ruit
587 717 740 771 ante
762 728 946 771 aram
971 703 1214 773 summi
1241 705 1278 771 J
1283 704 1457 789 ovis,
1499 720 1577 773 ut
1605 703 1863 797 vetulus
1893 707 2046 795 bos,

312 813 452 900 Qui
477 810 736 881 domini
765 812 1000 883 cultris
1027 828 1230 882 tenue
1258 828 1328 881 et
1354 814 1725 884 miserabile
1752 814 1999 885 collum

315 925 574 994 Praebet
591 976 610 1008 ‚
637 922 721 992 ab
746 923 1010 1019 ingrato
1029 924 1170 1017 jam
1195 924 1531 995 fastiditus
1556 942 1799 997 aratro.
2351 966 2452 1017 270

313 1034 546 1104 Exitus
579 1032 688 1102 ille
721 1048 1088 1129 utcumque
1119 1034 1414 1104 hominis
1445 1061 1464 1103 t
1507 1038 1626 1105 sed
1665 1054 1859 1107 torva
1892 1040 2132 1107 canino

317 1144 619 1212 Latravit
645 1143 847 1228 rictu,
885 1166 1034 1238 quae
1072 1145 1436 1237 posthunc
1473 1146 1761 1233 vixerat,
1796 1164 1985 1216 uxor.

412 1254 681 1322 Festino
711 1254 795 1322 ad
835 1269 1132 1341 nostros;
1169 1268 1238 1322 et
1267 1279 1496 1349 regem
1536 1270 1800 1326 transeo
1838 1260 2073 1345 Ponti,

314 1366 405 1433 Et
424 1346 762 1449 craesum,
793 1387 998 1457 quem
1024 1388 1156 1432 vox
1177 1362 1338 1454 justi
1372 1363 1663 1434 facunda
1694 1366 1958 1436 Solonis

315 1474 680 1568 Respicere
715 1471 800 1541 ad
836 1472 1054 1566 longae
1086 1474 1285 1564 jussit
1321 1477 1535 1566 spatia
1570 1474 1805 1547 ultima
1841 1480 2011 1547 vitae.
2358 1500 2457 1569 ²7⁵

315 1582 666 1668 Exsilium,
695 1597 767 1651 et
795 1606 1052 1667 carcer,
1091 1583 1735 1679 Minturnarumque
1772 1586 2080 1681 paludeS,

315 1698 406 1763 Et
433 1694 846 1762 mendicatus
869 1693 1044 1762 victa
1067 1692 1476 1787 Carthagine
1503 1697 1729 1789 panis⁷
1824 1688 1829 1693 ⁸

313 1808 493 1875 Hinc
522 1828 782 1875 caussas
809 1806 1108 1874 habuere
1138 1831 1154 1873 z
1183 1806 1346 1899 quid
1375 1804 1490 1874 illo
1515 1808 1665 1875 cive
1692 1806 1953 1877 tulisset

316 1919 578 1986 Natura
603 1916 674 1983 in
704 1916 932 1999 terris,
971 1916 1137 2010 quid
1167 1918 1386 1985 Roma
1413 1917 1671 1985 beatius
1700 1940 2033 2011 unquam,

315 2027 387 2095 Si
417 2024 878 2095 circumducto
919 2027 1342 2119 captivorum
1371 2027 1675 2119 agmine,
1712 2042 1779 2095 et
1808 2029 1995 2095 omni
2362 2050 2465 2103 280

315 2132 658 2203 Bellorum
687 2156 969 2227 pompa,
995 2134 1286 2202 animam
1314 2134 1683 2204 exhalasset
1710 2136 2041 2229 opimam,

315 2244 544 2332 Quum
569 2242 654 2311 de
673 2243 1048 2311 Teutonico
1073 2241 1272 2311 vellet
1295 2242 1700 2313 descendere
1730 2243 1977 2314 curru?

312 2458 572 2504 cerneret
600 2466 890 2515 eversam,
919 2449 1234 2520 Asiamque
1265 2456 1497 2504 omnem
1536 2452 1876 2504 Graecorum
1904 2447 2064 2504 ferro
2096 2448 2455 2526 flammisque

310 2550 590 2597 vastatam
607 2540 634 2593 Ρ
655 2542 822 2595 Tunc
845 2541 968 2613 ipse
989 2540 1108 2612 jam
1133 2538 1292 2593 senio
1316 2546 1569 2595 tremens
1592 2540 1777 2607 miles,
1803 2539 2071 2611 deposito
2100 2541 2453 2615 diademate,

315 2642 470 2689 arma
489 2632 711 2702 induit3
731 2642 908 2704 atque
921 2642 1056 2687 ante
1075 2625 1308 2685 maximi
1327 2632 1358 2684 J
1363 2630 1488 2686 ovis
1508 2646 1667 2685 aram
1688 2628 1989 2684 confossus
2003 2632 2212 2687 cecidit
2234 2675 2249 2702 ,
2277 2635 2456 2693 instar

311 2726 522 2783 annosi
537 2724 726 2787 bovis,
750 2722 851 2795 qui
873 2722 946 2776 ab
963 2731 1158 2777 arati-o
1175 2728 1420 2793 propter
1439 2710 1792 2776 senectutem
1818 2729 2101 2788 remotus,
2123 2720 2457 2782 immolatur

309 2818 542 2895 ingrato
579 2814 878 2890 agricolae,
917 2820 975 2866 et
1005 2810 1120 2882 jam
1157 2820 1521 2898 contemptus
1554 2822 1727 2865 tenue
1764 2828 1828 2871 ac
1876 2809 2200 2866 miserabile
2241 2815 2457 2871 collum

311 2906 535 2966 domini
560 2907 750 2962 cultro
781 2902 1032 2975 subjicit.
1064 2904 1147 2957 At
1169 2900 1264 2955 ina
1298 2918 1455 2956 mors
1473 2941 1489 2967 ,
1519 2902 1655 2957 licet
1680 2900 2021 2957 miserabilis
2042 2944 2059 2972 ‚
2092 2912 2281 2960 tamen
2307 2906 2459 2979 ejus-

311 3002 474 3058 modi
499 3010 584 3057 est
607 3015 778 3073 quem
805 2994 1055 3052 hominis
1079 3002 1284 3048 natura
1317 3010 1432 3047 non
1464 3004 1725 3066 respuat3
1750 3010 1953 3071 verum
1978 2993 2097 3067 ejus
2132 3014 2300 3065 uxor,
2327 3016 2455 3072 quae

313 3104 447 3169 post
477 3092 638 3147 illum
667 3099 754 3146 est
777 3098 1032 3157 mortua,
1057 3085 1356 3161 indignam
1377 3084 1615 3140 homine
1642 3093 1889 3141 mortem
1914 3085 2060 3141 obiit
2077 3129 2093 3156 ,
2118 3086 2177 3142 in
2202 3087 2452 3146 belluam

311 3197 540 3240 torvam
567 3198 874 3247 conversa,
901 3189 964 3234 et
993 3193 1196 3233 canum
1231 3192 1396 3231 more
1422 3176 1653 3232 latrans.

395 3274 529 3345 273·
565 3274 816 3341 Omitto,
852 3282 921 3327 ut
944 3270 1111 3327 citius
1133 3270 1210 3325 ad
1239 3270 1637 3325 Romanorum
1672 3270 1933 3345 exempla
1968 3269 2232 3343 veniam,
2255 3290 2451 3349 regem

309 3368 487 3425 Ponti
505 3366 926 3435 Mithridatem3
949 3365 1157 3422 omitto
1181 3366 1435 3419 Croesum
1451 3402 1466 3428 ,
1492 3370 1665 3435 quem
1692 3364 1873 3418 Solon
1894 3362 2136 3419 facunde
2153 3380 2217 3418 ac
2236 3367 2453 3439 sapien-

311 3471 406 3517 ter
421 3458 720 3515 admonuit
737 3457 1186 3532 exspectandnm
1206 3472 1324 3511 esse
1339 3454 1611 3510 ultimum'
1624 3454 1759 3509 vitae
1778 3454 1952 3524 diem,
1972 3464 2037 3511 ut
2058 3454 2266 3528 aliquis
2284 3457 2451 3517 beate

309 3547 520 3607 vixisse
543 3562 670 3607 tuto
689 3548 1186 3626 pronuntiaretur.
1211 3548 1381 3603 Certe
1400 3557 1661 3603 senectus
1676 3547 1737 3601 in
1758 3564 1923 3603 causa
1946 3545 2054 3602 fuit
2068 3587 2085 3615 ,
2108 3564 2215 3603 cnr
2230 3550 2453 3608 Marius

310 3644 486 3700 exilio
517 3644 817 3713 multatus,
852 3641 1143 3714 conjectus
1165 3640 1228 3695 in
1249 3658 1536 3695 carcerem
1557 3682 1574 3709 ,
1600 3650 1827 3696 coactus
1859 3640 2191 3697 delitescere
2210 3642 2271 3697 in
2298 3645 2453 3701 Min-

307 3738 570 3796 turnensi
595 3736 836 3812 palude,
871 3736 944 3791 ad
985 3746 1306 3790 extremum
1343 3732 1405 3788 in
1436 3732 1553 3807 ipsa
1594 3752 1765 3809 quam
1798 3732 2041 3803 vicerat,
2073 3736 2449 3812 Carthagine,

307 3845 619 3903 corrogare
639 3828 845 3903 stipem
883 3824 1136 3882 ostiatim
1165 3843 1230 3880 ac
1261 3843 1468 3899 panem
1493 3839 1723 3882 coactus
1754 3825 1864 3882 sit:
1886 3826 2025 3902 quid
2047 3826 2149 3885 illo
2173 3828 2451 3885 fo‘rtuna-

307 3922 424 3977 tius
446 3920 570 3977 cive
595 3917 962 3994 produxisset
995 3934 1250 3991 unquam
1280 3916 1341 3970 in
1373 3916 1543 3972 terris
1570 3927 1627 3971 et
1660 3926 1865 3971 natura
1900 3927 1957 3972 et
1984 3919 2201 3988 Roma,
2233 3920 2279 3975 si
2318 3932 2451 3993 post

307 4014 674 4088 captivorum
717 4010 946 4067 turbam
989 4027 1096 4084 per
1129 4008 1291 4065 vicos
1323 4008 1486 4065 urbis
1525 4007 1881 4079 traductam,
1916 4021 2050 4083 post
2086 4010 2451 4085 triumphum

308 4106 520 4183 insigni
545 4122 756 4181 pompa
777 4112 1104 4178 peractum.
1137 4120 1208 4158 ex
1229 4100 1334 4157 illo
1361 4120 1541 4158 curru
1562 4100 1912 4159 descendens
1927 4142 1943 4174 ‚
1968 4103 2031 4158 in
2057 4123 2175 4177 quo
2200 4104 2273 4160 de
2295 4104 2449 4160 Teu-

2088 4214 2148 4257 0.
