3050 4884
532 333 653 373 102
840 303 1185 371 VARIAE
1232 302 1824 369 LECTIONES
1871 302 2000 365 ΕΤ
2045 298 2352 365 NOTAE

522 420 679 493 parvi
704 415 959 490 ponderis
986 416 1191 469 cineres
1209 427 1264 467 et
1284 414 1538 484 reliquias
1560 412 1694 465 tanti
1718 410 1872 466 ducis
1887 414 2102 463 invenies
2119 420 2148 463 θ
2168 412 2216 478 (ὁ
2235 414 2355 463 πᾶσι
2381 408 2628 481 μακρὸς
2645 445 2658 469 ,

525 510 638 573 φεῦ,
667 503 830 561 meon:
856 502 997 574 γαίης
1024 502 1155 552 ὅσσον
1184 500 1282 565 ἔχει
1308 498 1495 569 μάρψῃ
1526 494 1752 549 Leonid.
1789 496 1976 567 Epigr.
2008 496 2220 560 LXIX,
2251 499 2310 557 6,
2343 495 2398 545 in
2437 490 2668 545 Brunck.

524 587 677 639 Anal.
701 600 828 639 tom.
856 587 881 637 1
901 625 918 650 ,
951 603 1075 656 pag.
1112 584 1228 636 238.
1257 582 1459 635 Confer
1490 582 1646 651 Prop.
1672 582 1756 641 11,
1780 596 1834 648 7,
1861 584 1959 642 513
1987 580 2087 641 lv,
2119 598 2198 642 ιι,
2233 587 2316 643 ι4ς
2341 575 2506 630 Ovid.
2535 576 2666 627 Met.

526 672 671 733 2111,
692 670 816 732 615,
841 672 973 731 6163
1007 668 1144 719 Plin.
1178 668 1258 731 11,
1280 668 1385 735 68)
1424 677 1475 718 et
1502 678 1682 717 tamen
1711 668 1788 715 bic
1817 679 1888 719 est
1919 665 2036 729 ille,
2066 666 2220 735 cnjus
2256 662 2466 714 animus
2487 672 2668 713 tantus

524 766 671 815 erat,
710 765 770 805 ut
804 752 1031 823 imperio
1066 752 1256 803 Africa
1282 768 1392 802 nou
1418 762 1702 803 contentus
1739 762 1900 813 esset3
1929 762 2154 819 angusta
2193 766 2331 800 urna
2365 762 2512 797 nunc
2547 760 2670 795 eum

527 838 675 909 capit
694 874 708 897 ‚
730 856 919 909 quem,
944 856 1108 909 quum
1132 836 1359 901 viveret,
1384 854 1493 887 non
1514 834 1766 905 capiebat
1792 832 2002 897 Africa3
2031 844 2084 886 et
2107 830 2328 903 quidem
2347 841 2495 882 tanta
2523 827 2669 879 orbis

530 935 790 975 terrarum
816 940 971 993 para,
1007 940 1125 992 quae
1153 939 1185 974 a
1222 926 1390 969 Mauro
1406 958 1421 977 ,
1462 917 1743 977 Africano,
1779 924 1976 969 Oceano
1996 956 2011 981 ,
2037 918 2106 969 ab
2133 915 2407 967 Atlantico
2431 911 2567 965 mari
2589 912 2674 977 (ut

530 1003 677 1077 apud
712 1004 895 1057 Horat.
929 1002 1036 1056 Od.
1064 1003 1149 1065 11,
1177 1006 1242 1063 6,
1274 1004 1381 1071 3),
1408 1000 1515 1053 hoc
1537 1013 1642 1063 est,
1670 1000 1740 1051 ab
1774 998 2098 1063 Occidente,
2128 995 2198 1051 ad
2231 1000 2421 1055 Nilum,
2447 992 2672 1047 fluvium

531 1088 777 1159 AEgypti,
816 1098 979 1158 patet.
1015 1086 1189 1155 (Nam
1222 1086 1485 1157 AEgyptus
1525 1102 1558 1135 a
1595 1083 1934 1155 Geographis
1973 1082 2267 1144 veteribus,
2299 1080 2386 1133 vel
2413 1090 2560 1143 tota,
2587 1075 2674 1130 vel

529 1188 725 1240 magna
748 1190 809 1222 ex
840 1184 1018 1241 parte,
1040 1170 1202 1232 Asiae,
1238 1188 1268 1220 a
1295 1169 1558 1221 Strabone
1586 1181 1764 1220 autem
1793 1170 1852 1235 1,
1889 1188 2014 1241 pag.
2044 1172 2112 1221 60
2149 1186 2256 1238 seq.
2285 1166 2517 1219 Arabico
2553 1162 2676 1215 sinu

529 1252 671 1305 inter
706 1254 886 1305 Asiam
924 1253 1262 1325 Africamque
1294 1252 1523 1304 termino
1557 1250 1881 1317 constituto,
1913 1252 2106 1305 Africo
2141 1248 2482 1323 adjungitur,
2512 1258 2567 1299 et
2601 1243 2674 1297 ad

533 1337 823 1405 orientem,
855 1352 914 1393 ut
942 1339 1271 1392 Mauritania
1296 1336 1366 1391 ad
1390 1332 1738 1391 occidentem
1758 1348 2051 1391 extremum
2079 1336 2272 1391 Africa
2299 1335 2403 1389 sita
2427 1335 2544 1401 est).

602 1448 741 1499 Nor.
783 1447 899 1509 148.
940 1454 1093 1515 Quem
1113 1466 1209 1499 non
1230 1450 1365 1513 capit
1380 1450 1581 1517 Africa,
1605 1462 1708 1501 etc.
1733 1460 1796 1499 ut
1817 1444 1965 1519 apud
1993 1444 2281 1500 Claudian.
2307 1444 2362 1495 in
2383 1441 2561 1495 Rufin.
2585 1442 2643 1492 11
2659 1480 2674 1505 ,

539 1528 637 1583 155
658 1550 671 1582 :
690 1556 710 1575 ι
724 1532 849 1583 Non
870 1531 1048 1583 orbita
1068 1531 1195 1583 solis
1210 1570 1224 1591 ‚
1244 1532 1365 1585 Non
1385 1533 1540 1585 illum
1564 1545 1758 1585 natura
1779 1531 1942 1602 capit.
1957 1556 1982 1577 ι·
1999 1530 2156 1585 Conf.
2181 1528 2322 1581 infra
2341 1546 2418 1581 vs.
2447 1526 2542 1579 168
2559 1542 2674 1595 seq.

536 1645 607 1655 —
626 1620 859 1665 Percussa
874 1637 895 1676 ,-
918 1613 1043 1667 vide
1067 1634 1193 1669 mox
1211 1617 1343 1671 Var.
1370 1618 1616 1671 Iaection.
1631 1621 1834 1669 adaucta
1847 1656 1866 1677 ,
1890 1616 2215 1689 propinqua.
2239 1644 2306 1655 --
2323 1614 2440 1665 Nilo
2459 1611 2678 1701 tfpeml’f

538 1694 663 1750 vide
682 1696 750 1750 ad
771 1697 881 1761 vl,
910 1695 1032 1767 ⁵³7·

607 1880 743 1925 Van.
788 1887 903 1941 ¹49·
940 1880 1151 1944 Perfitsa
1186 1879 1421 1947 (irrigata
1438 1920 1454 1941 ‚
1480 1892 1540 1932 nt
1565 1882 1698 1947 apud
1724 1879 1852 1930 Plin.
1879 1882 1969 1943 IV,
2005 1895 2099 1938 ης
2125 1880 2191 1939 V,
2221 1894 2288 1941 29
2317 1877 2377 1925 nl·
2394 1876 2414 1942 )
2431 1910 2446 1937 2
2473 1885 2540 1932 ²4
2557 1912 2572 1935 9
2595 1878 2680 1932 25·

544 1978 628 2023 27,
653 1968 891 2025 44-49,
918 1962 1150 2026 54-69,
1178 1982 1204 2025 7
1220 1976 1385 2027 1-74
1402 2000 1419 2025 ‚
1448 1982 1534 2027 77,
1563 1977 1614 2014 et
1637 1964 1759 2015 cod.
1787 1966 1990 2014 Putean.
2015 1964 2198 2013 Nostra
2213 1960 2361 2010 lectio
2385 1958 2684 2024 praeferenda

537 2044 763 2105 videtur,
804 2046 957 2109 magis
982 2057 1151 2095 tamen
1180 2048 1235 2097 in
1260 2050 1403 2112 epico
1431 2058 1600 2113 poeta.
1629 2064 1776 2111 quam
1809 2050 1866 2097 in
1895 2048 2110 2097 satirico.
2133 2072 2202 2083 -
2225 2048 2458 2093 Percussa
2485 2044 2684 2089 Oceano

539 2136 612 2175 est
636 2127 743 2187 ejus
766 2125 997 2175 fluetibus
1018 2128 1231 2193 pulsata,
1254 2146 1343 2179 seu
1362 2130 1634 2179 verberata.
1655 2154 1730 2171 .-
1749 2130 2128 2174 Distinctionen
2149 2128 2384 2186 maiorem
2407 2126 2556 2188 posui
2570 2134 2683 2187 post

536 2208 820 2275 elephantos
836 2246 852 2272 ,
879 2228 985 2261 non
1009 2224 1123 2276 post
1152 2214 1337 2278 tepenti
1346 2244 1363 2269 ‚
1392 2226 1445 2257 ut
1466 2210 1552 2259 hic
1574 2224 1773 2273 quoque
1795 2226 1964 2259 versus
1994 2210 2057 2259 ad
2085 2210 2342 2275 superiora
2367 2220 2416 2256 et
2439 2208 2678 2256 ambitum

536 2296 759 2359 finesque
777 2297 952 2345 Anime
972 2298 1225 2345 referatur.
1246 2296 1530 2346 Herminius
1549 2305 1598 2342 et
1619 2294 1702 2343 alii
1718 2294 1854 2343 bunc
1876 2310 2072 2343 versum
2091 2304 2390 2343 connectent
2407 2310 2523 2341 cum
2546 2309 2686 2357 seqq.

536 2389 591 2427 nt
616 2394 790 2427 sensns
814 2378 1179 2442 sitzfflthiopiae
1198 2389 1249 2426 et
1270 2377 1558 2442 elephantis,
1585 2378 1682 2427 hoc
1705 2380 2166 2438 estrManretanioe,
2189 2395 2277 2427 seu
2299 2378 2478 2426 Asriae
2499 2394 2685 2437 rursus,

538 2462 700 2511 adhuc
712 2496 729 2521 ,
760 2461 975 2522 additur,
1002 2442 1287 2524 adiungitur
1318 2462 1576 2526 Hispania.
1609 2462 1710 2511 Sed.
1741 2478 1846 2513 non
1872 2461 2001 2511 bene
2028 2464 2100 2513 sie
2123 2462 2286 2512 Africa
2311 2462 2611 2527 designatur,
2634 2474 2688 2514 et

539 2560 639 2593 vox
664 2545 885 2610 imperiis
902 2544 1117 2595 additur.
1145 2550 1329 2593 Versus
1354 2561 1449 2609 pro
1469 2561 1636 2595 mrsus
1657 2548 1788 2606 conj.
1817 2549 1883 2597 11.
1902 2548 2067 2595 vales.
2086 2548 2184 2597 hoe
2204 2564 2350 2595 sensu
2369 2565 2381 2595 :
2406 2548 2466 2595 ad
2491 2547 2681 2596 AEthio·

535 2628 671 2693 piam
688 2645 882 2689 versus,
903 2641 986 2679 ant
1003 2629 1236 2678 adversus
1258 2628 1556 2692 AEthiopiam
1577 2640 1628 2677 et
1647 2640 1826 2679 terram
1848 2632 2238 2698 elephantorum.
2255 2633 2360 2697 Ego
2381 2632 2503 2679 olim
2521 2631 2682 2697 suspi-

536 2711 683 2761 cabar
696 2713 955 2776 legendum
973 2728 1077 2761 esse
1088 2728 1289 2774 pronus
1304 2748 1319 2771 ‚
1340 2713 1501 2776 plane.
1522 2714 1619 2761 Sed
1639 2714 1754 2763 vide
1771 2716 2048 2765 Gom-eut.
2063 2744 2136 2755 --
2158 2713 2386 2779 Aliosque
2401 2714 2685 2781 elephantos

535 2794 797 2853 exhibent,
838 2810 897 2842 ro
915 2830 928 2853 ,
962 2812 979 2841 ι
995 2802 1183 2855 4—27,
1217 2796 1425 2852 45-50
1438 2832 1455 2855 ‚
1493 2796 1704 2857 54—74
1721 2834 1736 2859 ,
1771 2809 1824 2846 ut
1856 2799 2114 2862 epitheton
2139 2797 2206 2845 ad
2239 2797 2570 2845 diversitatem
2606 2796 2688 2844 vel

537 2886 775 2925 terrarum
802 2876 995 2941 Libyae,
1018 2878 1073 2924 in
1096 2878 1276 2941 qnibns
1294 2872 1544 2941 elephanti
1565 2882 1665 2927 sint
1679 2915 1694 2938 ,
1725 2877 1804 2928 vel
1831 2882 2206 2945 elephantorum
2233 2881 2284 2927 in
2305 2882 2611 2929 Mauretania
2635 2892 2686 2929 et

536 2960 783 3027 AEthiopia
794 2995 807 3018 ‚
828 2976 917 3007 sen
935 2960 1181 3025 AEthiopia
1198 2962 1495 3009 occidentali
1510 2973 1564 3010 et
1577 2964 1829 3022 orientali,
1847 2965 1924 3012 vel
1943 2966 2162 3028 ipsorum
2184 2963 2466 3028 Ethiopnrn
2483 2975 2686 3027 spectet.

534 3044 613 3091 De
640 3042 733 3091 hac
758 3042 869 3089 vide
896 3043 1087 3091 Comm.
1110 3060 1315 3107 eamque
1341 3042 1610 3109 significari
1631 3046 1878 3111 putabant
1899 3050 2170 3110 Grangaens
2183 3082 2200 3105 ‚
2219 3042 2398 3111 Rigalt.
2417 3056 2466 3093 et
2485 3046 2600 3105 alii,
2627 3057 2686 3095 nt

536 3124 631 3174 alii
647 3142 815 3189 propr.
836 3142 937 3176 non
959 3126 1204 3190 elephanti
1222 3129 1347 3189 sint,
1371 3130 1459 3176 sed
1478 3130 1748 3195 AEthiopes.
1772 3131 1955 3179 Confer
1976 3132 2094 3179 Stat.
2114 3128 2274 3179 Theb.
2303 3131 2378 3185 X,
2409 3131 2493 3179 ⁸5.
2519 3132 2684 3179 Multo

536 3208 847 3274 probabilior
868 3210 1059 3256 videtur
1084 3211 1363 3259 emendatio
1392 3212 1642 3261 Phthnrri
1655 3248 1687 3272 ,,
1705 3216 1792 3277 qni
1811 3214 2050 3276 albasque
2069 3214 2362 3273 conjiciebat
2379 3213 2490 3261 coll.
2520 3213 2686 3261 verbis

536 3288 787 3340 Ptolemaei
810 3296 989 3341 :Juxta
1012 3293 1218 3355 Libyam
1236 3310 1423 3358 magna
1442 3295 1557 3343 AEelae
1567 3296 1733 3359 iopam
1761 3296 1896 3361 regio
1907 3330 1924 3353 ,
1951 3296 2004 3343 in
2021 3312 2119 3360 qua
2139 3296 2392 3359 elephanti
2405 3333 2420 3357 ,
2451 3296 2558 3344 albi
2575 3314 2684 3343 om·

540 3390 646 3435 nes,
672 3386 720 3421 et
736 3374 1083 3435 rhinocerotes,
1112 3386 1160 3423 et
1178 3375 1321 3441 tigres
1340 3388 1463 3425 sunt.
1486 3377 1750 3442 Elephanti
1769 3378 1991 3442 vulgares
2015 3390 2132 3429 sunt
2153 3382 2252 3430 fere
2277 3379 2462 3427 cinerei
2479 3383 2496 3435 ζ
2507 3378 2658 3443 gnta)
2673 3416 2687 3437 ‚

537 3455 749 3505 rariores
772 3458 935 3518 rubri,
965 3476 1051 3507 sen
1072 3458 1169 3507 rufi
1191 3497 1206 3521 ,
1236 3470 1283 3507 et
1308 3460 1544 3509 rarissimi
1563 3462 1792 3519 candidi;
1821 3464 1956 3512 unde
1979 3464 2030 3513 in
2057 3464 2222 3528 regnis
2241 3466 2376 3527 Pegu
2395 3474 2445 3511 et
2463 3463 2597 3511 Siam
2619 3464 2683 3511 de

538 3542 647 3591 solo
668 3544 813 3591 titulo
835 3544 959 3608 regis
981 3544 1187 3593 candide·
1210 3545 1461 3611 elephanti
1488 3558 1694 3597 cruenta
1715 3547 1834 3597 olim
1861 3548 1988 3597 bella
2009 3559 2116 3597 orta
2137 3563 2240 3602 esse
2269 3557 2506 3597 memorat
2538 3548 2611 3596 Η.
2639 3549 2685 3597 te

542 3626 698 3673 manc
722 3627 776 3675 in
808 3628 1031 3678 itinerar.
1066 3631 1168 3677 Hac
1192 3630 1535 3679 emendatione
1554 3642 1746 3695 recepta
1768 3642 1898 3679 totns
1910 3632 1997 3681 hic
2012 3648 2183 3681 versus
2201 3632 2262 3679 ad
2281 3632 2580 3695 AEthiopiam
2597 3630 2683 3679 de-

536 3710 807 3757 notandam
829 3712 1057 3774 pertinet.
1074 3713 1169 3761 Sed
1188 3714 1241 3761 in
1258 3714 1499 3780 AEthiopIa
1520 3732 1684 3763 omnes
1707 3714 1992 3779 elephantos
2007 3716 2152 3764 fnisse
2171 3716 2435 3773 candidos,
2449 3715 2561 3779 quis
2585 3714 2684 3762 sibi

532 3791 817 3855 persuaderi
837 3794 1047 3856 patiatur
1062 3796 1084 3841 Ρ
1105 3796 1163 3842 Et
1180 3795 1286 3843 albi
1304 3797 1437 3861 apud
1454 3797 1664 3845 Ptolem.
1681 3808 1798 3845 sunt
1815 3798 1980 3845 forsan
2002 3798 2145 3855 catti,
2171 3815 2257 3845 seu
2280 3794 2482 3847 cinerei.
2502 3799 2682 3863 Aptio-

536 3890 613 3923 res
632 3890 827 3939 quoque
845 3875 942 3923 hoc
959 3876 1071 3924 loco
1092 3888 1204 3926 snnt
1221 3877 1590 3942 al'ielepltanci.
1602 3880 1735 3927 Vide
1747 3880 1937 3928 Comm.
1953 3896 2059 3944 quae
2071 3881 2143 3929 111.
2161 3880 2341 3928 Jacobs
2357 3882 2462 3929 haec
2473 3881 2684 3927 adnota-

530 3958 639 4007 vit:
668 3959 988 4022 ·.Legendnm
1018 3960 1191 4008 Fur-vos
1222 3961 1497 4027 AEtlu‘opum
1526 3963 1829 4027 adpopulos
1859 3964 1998 4031 (vide
2028 3966 2091 4013 ad
2121 3966 2252 4022 111.
2289 3965 2418 4026 soh)
2445 3965 2681 4029 albasque

534 4042 813 4109 elephantos
832 4042 1049 4093 Additus·
1058 4044 1266 4111 imperiis
1282 4046 1539 4111 Hispania.
1561 4047 1892 4112 Elephantnm
1909 4066 2062 4114 genus
2081 4046 2340 4111 AEthiopiae
2355 4046 2542 4097 finibus
2561 4064 2686 4113 pro·
