3050 4884
951 406 1330 471 SATIRA
1376 406 1946 473 UNDECIMA.
2403 402 2526 472 155

463 523 739 590 Interoe
767 520 1233 616 Megalesiacae
1262 519 1644 615 spectacula
1676 545 1939 616 mappae

364 629 627 699 Idaeum
658 630 936 699 solenne
968 630 1237 718 colunt,
1276 629 1646 725 similisque
1681 632 2035 727 triumpho

358 739 602 809 Praeda
630 740 1045 810 caballorum
1072 744 1333 810 Praetor
1356 740 1572 827 sedet,
1619 766 1730 827 ac,
1761 743 1930 811 mihi
1965 768 2126 837 paee

358 851 728 921 Immensae
760 852 1115 945 nimiaeque
1146 850 1299 921 lieet
1328 853 1385 921 si
1421 852 1649 921 dicere
1678 851 1926 947 plebis,

358 962 607 1029 Totam
634 960 841 1029 hodie
870 964 1157 1030 Romam
1186 962 1404 1031 circus
1436 963 1653 1054 capit3
1685 976 1754 1030 et
1782 959 2014 1056 fragor
2041 987 2270 1032 aurem
2426 982 2525 1045 195

360 1070 697 1155 Percutit,
736 1085 1053 1142 eventum
1088 1071 1319 1140 viridis
1350 1097 1487 1166 quo
1522 1071 1769 1167 colligo
1801 1074 2028 1166 panni.

358 1182 545 1250 Nam
572 1182 625 1250 si
656 1181 1002 1270 deficeret,
1032 1198 1337 1252 moestam
1374 1184 1862 1277 attonitamque
1892 1164 2149 1253 videres

362 1292 565 1359 Hanc
596 1291 870 1375 urbem,
899 1290 1107 1361 veluti
1135 1296 1524 1362 Cannarum
1554 1292 1624 1358 in
1658 1291 1938 1386 pulvere
1969 1292 2161 1361 victis
2343 1382 2350 1389 ¹

369 1398 799 1471 Consulibus.
838 1404 1161 1495 Spectent
1190 1403 1511 1497 juvenes,
1551 1426 1724 1495 quos
1754 1401 2010 1470 clamor
2038 1418 2110 1471 et
2141 1402 2356 1471 audax

370 1510 697 1603 Sponsi0‚
734 1534 905 1603 quos
940 1508 1137 1580 eultae
1168 1510 1361 1579 decet
1389 1509 1724 1578 adsedisse
1755 1508 2029 1603 puellae3
2428 1547 2534 1580 200

372 1622 699 1714 Spectent
727 1620 861 1688 hoe
892 1634 1123 1713 nuptoe
1150 1618 1343 1711 juxta
1370 1620 1740 1688 recubante
1773 1622 2046 1707 marit0,

368 1730 579 1817 Quod
608 1729 858 1824 pudeat
888 1754 1193 1798 narrasse
1223 1728 1511 1823 aliquem
1544 1730 1988 1824 praesentibus
2017 1730 2200 1825 ipsis.

370 1842 627 1909 Nostra
654 1840 840 1909 bibat
870 1864 1157 1911 vernum
1188 1854 1538 1909 contracta
1571 1839 1866 1909 cuticula
1897 1840 2108 1910 solem

368 1950 811 2046 Effugiatque
842 1965 1088 2046 togam.
1117 1954 1265 2019 Jam
1304 1976 1490 2020 nune
1522 1952 1594 2019 in
1621 1950 1886 2036 balnea,
1923 1951 2108 2023 salva

370 2064 658 2148 Fronte,
694 2060 851 2131 licet
874 2061 1107 2149 vadas,
1137 2086 1546 2155 quamquam
1575 2060 1788 2130 solida
1815 2061 1984 2132 hora
2015 2064 2307 2157 supersit
2435 2072 2534 2123 ²0⁵

458 2316 591 2373 191.
630 2298 785 2353 Dum
806 2316 914 2353 nos
932 2296 1115 2371 epulis
1138 2296 1457 2371 frugalibus
1481 2315 1720 2371 operam
1749 2297 1827 2354 ita
1851 2298 2146 2367 dabimus,
2176 2298 2274 2355 alii
2304 2311 2534 2373 specta-

371 2388 525 2446 bunt
542 2389 711 2446 ludos
729 2390 956 2447 solenni
977 2407 1189 2465 pompa
1209 2390 1271 2445 in
1294 2390 1582 2446 honorem
1603 2390 1768 2447 ldaeae
1794 2390 1995 2447 Matris
2013 2392 2294 2449 celebrari
2310 2433 2327 2463 ,
2350 2402 2407 2447 et
2431 2410 2539 2466 per

375 2500 705 2558 suspensam
732 2482 792 2539 in
820 2484 991 2539 Circo
1016 2502 1284 2558 mappam
1313 2481 1647 2539 denuntiari
1676 2480 1899 2540 solitos.
1927 2485 2152 2542 Praetor
2180 2483 2384 2540 babitu
2409 2484 2538 2539 cul-

376 2586 563 2650 tuque
591 2576 1069 2651 triumphantium
1105 2575 1347 2651 insignis
1377 2595 1556 2632 curru
1591 2575 1896 2647 insidebit‚
1935 2577 2099 2652 equis
2131 2576 2538 2652 undecumque

376 2686 485 2743 per
508 2669 627 2723 vim
648 2668 883 2737 ablatis,
908 2668 1121 2743 quibus
1145 2668 1219 2725 ad
1242 2671 1362 2725 haee
1384 2672 1710 2744 spectacula
1728 2669 1954 2726 edenda
1976 2670 2242 2745 plurimis
2263 2680 2348 2726 est
2371 2688 2538 2745 opus.

379 2764 531 2819 Tota
570 2760 747 2818 bodie
782 2762 966 2817 Roma
985 2803 1001 2831 ‚
1042 2761 1206 2836 quod
1243 2780 1385 2836 pace
1421 2771 1538 2819 tam
1575 2763 1874 2819 numerosi
1909 2762 2115 2837 populi
2158 2762 2437 2832 dixerim,
2477 2763 2540 2817 in

380 2856 599 2913 circum
632 2854 920 2913 confluet:
947 2854 1065 2929 jam
1095 2854 1373 2911 exaudire
1402 2855 1614 2911 videor
1641 2857 1921 2913 clamores
1953 2842 2314 2927 inconditos,
2342 2874 2377 2911 e
2408 2857 2542 2931 qui-

378 2948 491 3005 bns
520 2946 771 3020 conjicio
810 2947 1091 3004 victorem
1122 2946 1445 3003 discessisse
1468 2948 1720 3023 aliquem
1750 2967 1782 3005 e
1819 2947 2024 3005 viridis
2053 2950 2234 3023 panni
2261 2948 2541 3020 factione,

382 3060 510 3117 quae
536 3039 586 3096 si
620 3040 693 3095 ab
716 3040 933 3096 emulis
962 3039 1311 3096 factionibus
1342 3040 1694 3109 vinceretur,
1729 3043 1974 3098 Romam
2002 3060 2266 3099 cerneres
2289 3061 2542 3100 moerore

383 3154 449 3191 ac
474 3144 716 3207 stupore
745 3134 1065 3190 confectam
1084 3174 1102 3201 ‚
1138 3134 1296 3189 haud
1326 3134 1495 3189 aliter
1524 3144 1698 3208 atque
1725 3132 1867 3190 olim
1884 3176 1902 3205 ,
1942 3154 2124 3211 quum
2155 3134 2216 3189 in
2253 3135 2544 3192 Cannensi

380 3226 582 3302 praelio
612 3224 733 3282 duo
756 3227 1019 3283 consules
1048 3224 1341 3301 profligati
1364 3226 1622 3282 fuerunt.
1661 3227 1824 3293 Istis,
1862 3246 1970 3301 per
1996 3245 2091 3282 me
2121 3226 2256 3282 licet
2277 3268 2293 3296 ‚
2319 3238 2542 3301 specta-

382 3320 525 3377 culis
548 3318 817 3374 intersint
839 3319 1255 3385 adolescentes,
1274 3338 1423 3393 quos
1444 3319 1686 3375 delectat
1706 3319 2005 3394 strepitus,
2025 3338 2172 3392 quos
2186 3318 2352 3391 juvat
2373 3337 2545 3394 spon·

382 3414 604 3472 sionem
634 3432 765 3470 cum
794 3412 972 3471 obvio
996 3412 1263 3488 quolibet
1280 3412 1469 3469 facem
1489 3411 1563 3467 de
1579 3410 1764 3469 'variis
1789 3413 2062 3470 ludorum
2083 3411 2384 3469 eventibus
2402 3432 2418 3479 ς
2439 3412 2544 3488 qui

382 3518 619 3582 captant
652 3507 844 3563 locum
861 3547 880 3576 ,
908 3506 1013 3562 ubi
1044 3504 1398 3562 mulierculis
1416 3504 1790 3579 politioribus
1807 3504 2124 3561 assideant:
2151 3514 2346 3577 nuptae
2372 3504 2544 3561 etiam

380 3600 656 3657 intersint
695 3618 827 3655 cum
866 3600 1077 3655 marito
1110 3599 1275 3672 juxta
1304 3597 1619 3655 recubante
1640 3640 1657 3669 ,
1692 3609 1750 3655 et
1784 3608 2044 3673 spectent
2076 3596 2174 3654 illa
2203 3616 2331 3672 quae
2371 3618 2544 3656 nemo

382 3714 583 3751 coram
611 3692 749 3767 ipsis
778 3711 1015 3749 narrare
1033 3704 1191 3768 gesta
1210 3692 1334 3749 sine
1355 3691 1586 3767 pudore
1617 3692 1816 3767 possit.
1845 3692 1966 3755 Nos
1982 3732 1999 3761 ,
2025 3701 2233 3766 utpote
2260 3691 2547 3761 seniores,

384 3806 655 3863 rugosam
687 3797 877 3843 cutem
904 3785 1015 3843 soli
1042 3803 1227 3842 verno
1262 3794 1319 3841 et
1349 3784 1620 3840 clementi
1651 3802 2042 3858 exponamus,
2075 3794 2134 3839 et
2163 3785 2328 3841 urbis
2356 3805 2422 3840 ac
2456 3798 2548 3842 to-

386 3892 531 3957 gatae
558 3878 694 3936 vitae
730 3879 1019 3935 molestias
1046 3878 1385 3935 devitemus.
1422 3879 1592 3935 Potes
1623 3878 1742 3951 jam
1773 3877 2044 3932 balneum
2077 3887 2306 3949 petere,
2345 3898 2548 3949 qnam-

384 3974 475 4029 vis
516 3974 661 4029 hora
710 3972 785 4028 sit
822 3983 957 4046 post
1000 3982 1197 4028 ortum
1239 3970 1377 4028 solis
1418 3970 1702 4026 duntaxat
1747 3968 1950 4043 quinta
1975 4010 1990 4038 ,
2049 3968 2230 4041 idque
2267 3969 2504 4044 impune
2529 4013 2547 4041 ,

384 4084 453 4122 ac
492 4066 712 4123 nullius
752 4064 1259 4140 reprehensionem
1300 4076 1580 4120 metuens.
1634 4063 1784 4120 Sane
1831 4062 2036 4118 horam
2079 4061 2273 4117 balnei
2318 4062 2546 4118 solitam

388 4170 751 4217 antevertere
769 4201 788 4230 ,
817 4179 883 4217 nc
919 4160 1118 4236 genio,
1156 4170 1224 4217 ut
1258 4177 1292 4216 a
1327 4157 1499 4217 nobis
1535 4158 1713 4217 hodie
1749 4157 2041 4235 paulisper
2073 4154 2203 4225 fiet,
2243 4154 2550 4231 indulgere
