3050 4884
991 391 1370 456 SA'I'IRA
1414 393 1832 460 DECIMA.
2401 399 2482 466 55

326 495 507 568 Pone
532 500 729 570 domi
758 503 1013 590 lauros3
1048 504 1183 573 duc
1220 505 1289 572 in
1321 506 1636 600 capitolia
1667 535 1992 604 magnum
2419 535 2488 586 65

324 608 817 706 Cretatumque
844 614 1085 683 bovem
1119 639 1133 682 :
1176 615 1456 707 Sejanus
1488 616 1759 686 ducitur
1797 646 1978 690 unco

323 717 751 810 spectandus
783 747 799 787 τ
834 723 1125 815 gaudent
1155 748 1411 795 omneS.
1446 765 1540 778 -·—
1579 726 1750 814 Quae
1777 728 2004 800 labra?
2029 731 2184 824 quis
2214 729 2310 800 illi

326 826 579 898 Vultus
614 829 801 900 erat?
829 833 1230 927 Nunquam,
1266 835 1322 904 si
1356 835 1519 930 quid
1551 837 1725 906 mihi
1755 838 2008 924 credis,
2041 841 2258 910 amavi

324 941 535 1008 Hunc
566 941 915 1012 hominem
947 968 963 1011 ε
998 944 1117 1014 sed
1148 970 1285 1039 quo
1316 946 1560 1016 cecidit
1593 947 1720 1015 sub
1751 948 2090 1018 crimine?
2119 951 2426 1044 quisnam

324 1050 655 1121 Delator?
678 1053 924 1147 quibus
958 1055 1271 1126 indiciis?
1298 1081 1435 1150 quo
1462 1071 1632 1126 teste
1665 1057 2027 1150 probavit?
2407 1079 2490 1137 ,70

328 1201 427 1214 ——·
459 1161 581 1232 Nil
610 1163 861 1232 horum
896 1191 913 1231 ε
952 1165 1235 1236 verbosa
1270 1181 1339 1236 et
1374 1167 1644 1260 grandis
1683 1165 1973 1260 epistola
1997 1170 2184 1238 venit

328 1273 395 1340 A
420 1273 721 1365 Capreis.
748 1313 845 1326 —
876 1276 1063 1343 Bene
1090 1275 1325 1362 habet3
1354 1273 1449 1342 nil
1475 1273 1629 1369 plus
1659 1275 2006 1371 interrogo
2036 1303 2052 1346 ε
2085 1277 2200 1346 sed
2229 1277 2391 1370 quid

333 1380 569 1448 Turba
594 1379 837 1451 Remi?
854 1421 953 1434 —-
979 1384 1303 1476 Sequitur
1326 1387 1732 1472 Fortunam,
1763 1399 1841 1454 ut
1864 1410 2154 1480 semper,
2181 1401 2248 1456 et
2277 1387 2422 1455 odit

334 1491 719 1560 Damnatos
752 1517 767 1560 :
804 1491 981 1561 idem
1015 1491 1346 1587 populus,
1378 1494 1435 1562 si
1465 1493 1716 1564 Nursia
1741 1497 1964 1564 Tusco

336 1603 669 1686 Favisset‚
706 1605 761 1672 si
798 1625 1119 1700 oppressa
1156 1604 1337 1674 foret
1374 1629 1608 1676 secura
1645 1621 1953 1675 senectus
2427 1621 2494 1690 75

334 1713 712 1808 Principis,
743 1714 871 1783 hae
902 1715 1046 1809 ipsa
1070 1715 1393 1808 Sejanum
1421 1714 1678 1784 diceret
1703 1715 1874 1784 hora

336 1821 724 1914 Augustum
754 1847 771 1892 ε
806 1823 947 1914 jam
987 1825 1288 1917 pridem,
1326 1851 1405 1894 ex
1436 1849 1576 1918 quo
1609 1823 1934 1918 suffragia
1957 1822 2126 1894 nulli

332 1929 742 2018 VendimuS,
775 1930 1021 2002 effudit
1054 1959 1249 2004 curas
1284 1960 1301 2004 t
1340 1959 1499 2004 nam
1537 1934 1658 2028 qui
1694 1933 1896 2003 dabat
1933 1932 2096 2003 olim

340 2041 754 2134 Imperium,
781 2040 1019 2129 fasces,
1055 2042 1387 2140 legioneS‚
1418 2046 1683 2131 omnia,
1717 2069 1902 2114 nunc
1935 2069 2008 2114 se

338 2151 703 2240 Continet,
732 2167 931 2247 atque
958 2153 1127 2224 duas
1154 2169 1419 2224 tantum
1458 2180 1562 2226 res
1597 2155 1832 2224 anxius
1861 2167 2081 2246 optat,
2427 2171 2500 2222 80

338 2397 461 2451 ves,
486 2382 839 2458 sartagines,
866 2383 1125 2457 patellae?
1154 2383 1393 2440 Laut-eis
1424 2383 1669 2456 domum
1691 2395 1852 2440 tuam
1878 2383 2050 2440 sertis
2077 2399 2220 2438 orna
2237 2421 2256 2453 ,
2282 2379 2496 2438 bovem

342 2491 615 2550 magnum
656 2475 1089 2551 candidumque
1126 2475 1191 2532 iu
1235 2474 1624 2550 Capitolinam
1657 2475 1841 2532 aedem
1879 2474 2017 2532 duci
2039 2473 2215 2547 jube;
2258 2472 2499 2546 Sejanus

342 2583 490 2624 unco
514 2567 773 2642 impacto
796 2579 1075 2642 raptatur,
1104 2579 1164 2625 et
1191 2585 1301 2642 per
1320 2568 1530 2624 urbem
1556 2567 1632 2624 ad
1653 2566 1976 2624 ludibrium
1995 2565 2499 2641 spectaculumque

342 2658 703 2717 traducitur:
728 2661 1019 2716 exsultant
1048 2677 1251 2716 omnes
1268 2659 1501 2736 gaudio.
1522 2691 1604 2704 --
1625 2662 1816 2729 Quam
1847 2658 1998 2714 foeda
2024 2655 2277 2712 hominis
2301 2657 2499 2714 facies!

340 2767 509 2823 quam
536 2749 789 2808 distorta
811 2751 1007 2808 labra!
1033 2752 1323 2826 Equidem
1345 2752 1409 2810 id
1428 2750 1722 2808 affirmare
1752 2748 1862 2806 tibi
1881 2766 2032 2810 vere⁴
2047 2765 2315 2820 possum,
2343 2767 2498 2804 nun-

340 2861 509 2916 quam
536 2842 815 2916 Sejanum
842 2861 877 2898 a
901 2862 997 2900 me
1024 2855 1280 2901 amatum
1299 2843 1509 2900 fnisse:
1535 2841 1639 2898 sed
1667 2859 1774 2916 age
1797 2861 1811 2895 ι
1837 2838 2136 2914 quodnam
2163 2837 2250 2893 illi
2278 2837 2499 2895 crimen

342 2935 635 3009 objectum
654 2935 806 2992 suit?
822 2936 953 3010 quis
968 2936 1293 2994 accusavit?
1314 2935 1445 3008 quis
1462 2933 1682 2990 index?
1709 2933 1840 3007 quis
1859 2930 2017 2988 testis
2030 2931 2058 2985 Ρ
2074 2961 2156 2972 -
2167 2928 2330 2986 Nihil
2350 2928 2499 2987 isto-

343 3045 471 3082 rum
492 3027 737 3098 dicitur3
758 3038 983 3084 tantum
997 3028 1203 3104 ingens
1222 3037 1283 3084 et
1295 3027 1495 3082 multis
1514 3027 1836 3101 perscripta
1861 3023 2053 3080 verbis
2073 3021 2316 3096 epistola
2332 3023 2502 3080 missa

340 3129 423 3174 est
436 3139 471 3174 a
494 3117 751 3194 Capreis.
768 3148 851 3162 -—-
868 3118 1021 3177 Satis
1045 3129 1131 3176 est
1144 3141 1161 3190 3
1176 3119 1323 3174 nihil
1342 3128 1620 3193 praeterea
1643 3134 1862 3190 quaero.
1896 3114 2058 3184 Quid
2073 3112 2312 3171 interim
2329 3114 2502 3182 Remi

348 3212 599 3285 populus
612 3211 639 3266 Ρ
656 3212 813 3273 --..F
814 3222 1071 3280 ortunae,
1102 3221 1171 3268 ut
1198 3229 1447 3287 semper,
1474 3210 1657 3267 servit
1673 3251 1690 3278 ,
1723 3228 1790 3266 ac
1822 3208 2064 3264 miseros
2088 3207 2504 3282 damnatosque

346 3323 379 3358 a
398 3303 669 3378 principe
689 3303 1053 3360 condemnat.
1075 3304 1241 3360 Idem
1262 3305 1363 3360 ille
1388 3314 1609 3374 tamen,
1631 3301 1682 3358 si
1703 3301 1810 3358 dea
1831 3317 2040 3374 praeses
2061 3297 2340 3370 Etruriae,
2367 3319 2504 3356 con·

346 3396 469 3452 silia
494 3395 691 3469 sejani
718 3397 809 3454 sui
834 3396 1049 3468 Nursia
1073 3395 1422 3471 adjuvisset,
1455 3396 1505 3452 si
1531 3414 1710 3452 senex
1741 3394 2078 3469 imperator,
2115 3391 2260 3448 nihil
2289 3394 2401 3450 sibi
2434 3396 2504 3450 ti-

348 3507 527 3558 mens,
556 3489 859 3562 repentina
877 3488 1279 3563 conjuratione
1300 3489 1558 3546 sublatus
1575 3489 1777 3546 fuisset
1795 3507 1828 3544 e
1847 3487 2062 3556 medic,
2077 3487 2190 3542 hoc
2209 3484 2336 3560 ipso
2353 3497 2502 3544 tem-

350 3581 509 3654 poris
538 3593 759 3656 puncto
778 3582 1051 3656 Sejanum
1066 3581 1477 3656 imperatorem
1502 3582 1792 3656 appellare
1807 3579 2140 3653 neutiquam
2170 3578 2503 3637 dubitasset.

350 3672 705 3746 Jampridem
734 3673 987 3748 populus
1014 3674 1177 3730 omni
1202 3673 1536 3749 reipublicae
1563 3669 2030 3730 administrandae
2059 3688 2198 3726 cura
2225 3670 2504 3728 liberatus

352 3775 435 3820 est
448 3805 469 3832 ,
490 3782 563 3820 ex
592 3784 712 3839 quo
740 3775 1005 3840 tempore
1028 3765 1249 3824 scilicet
1268 3766 1710 3842 magistratuum
1733 3761 2140 3838 eligendorum
2161 3758 2400 3818 facultas
2419 3763 2508 3820 illi

356 3867 547 3931 erepta
572 3856 717 3928 fuit,
744 3877 811 3914 ac
838 3878 939 3916 sua
958 3859 1232 3934 suffragia
1258 3858 1578 3916 madidatis
1605 3873 1732 3912 uon
1754 3854 1992 3912 vendit:
2023 3852 2126 3929 qni
2149 3864 2316 3910 antea
2341 3873 2502 3910 sum-

352 3967 477 4006 mos
496 3949 561 4006 in
582 3951 881 4025 republica
898 3951 1263 4028 magistratus
1274 3993 1293 4022 ,
1312 3952 1674 4008 consulatum
1687 3988 1706 4019 ,
1727 3946 1868 4006 belli
1883 3947 2282 4023 praefecturam
2293 3987 2312 4018 ,
2331 3967 2506 4004 omne

362 4043 661 4114 potestatis
679 4063 885 4120 genus,
906 4044 1249 4118 cuicumque
1274 4045 1554 4116 libuisset,
1571 4041 1882 4102 mandabat
1899 4083 1918 4115 ,
1935 4043 1984 4100 is
2010 4060 2166 4098 nunc
2189 4039 2430 4098 feriatur
2452 4053 2510 4096 et

356 4146 553 4206 vacat,
584 4135 775 4210 deque
806 4137 981 4194 rebus
1010 4137 1290 4196 duntaxat
1312 4137 1540 4194 dunhus
1565 4135 1844 4194 sollicitus
1869 4146 1985 4206 est,
2009 4151 2156 4209 pane
2183 4151 2249 4188 ac
2273 4131 2508 4190 Circen-
