3050 4884
620 383 965 452 SATIRAE
1006 382 1379 454 DECIMAE
1422 384 1738 452 SEXTAE
1787 385 2230 456 ANALYSIS.
2379 397 2510 480 4¹9

356 501 509 561 etde
533 501 859 580 magnitud.
886 505 1067 566 Rom.
1096 503 1157 572 1,
1188 503 1246 573 6,
1275 503 1517 579 aliisque
1549 515 1968 563 memorantur.
2006 504 2126 564 Sed
2155 505 2286 582 quis
2315 508 2514 584 poeti-
2556 513 2564 528 “

357 614 483 654 cam
506 596 595 654 rei
617 595 1043 671 expositionem
1072 594 1151 656 ita
1177 595 1257 654 ad
1283 597 1536 658 calculos
1558 597 1836 654 vocabit?
1867 629 1948 642 --
1979 599 2118 669 Quo
2146 599 2280 656 loco
2309 601 2371 656 et
2399 601 2512 676 qua

358 687 663 746 occasione
692 689 813 746 haec
846 688 1037 746 Satira
1062 687 1137 746 sit
1166 688 1377 764 scripta
1398 735 1415 760 ,
1450 707 1656 763 parum
1687 702 1932 748 constat.
1961 693 2246 751 Nonnulli
2277 705 2515 770 putant,

359 799 487 838 eam
514 801 547 838 a
564 782 887 852 Juvemle,
913 799 1095 856 quum
1121 781 1375 855 primum
1399 782 1568 856 jussu
1591 783 1908 840 Domitiani
1933 787 2162 843 venerit
2199 786 2262 844 in
2294 786 2520 866 AEgyp-

364 883 489 932 tmn
508 917 527 941 ‚
554 874 937 950 compositam
962 893 1083 932 esse
1104 874 1161 930 in
1190 874 1413 934 Paridis
1438 875 1783 950 pantomimi
1809 875 2114 949 invidiam,
2144 897 2266 954 quo
2283 892 2522 940 auctore

362 969 437 1026 ab
463 969 629 1026 Urbe
661 980 917 1026 remotus
944 968 1049 1038 sit,
1082 979 1141 1026 et
1166 969 1307 1026 falsa
1336 967 1580 1026 honoris
1610 967 1804 1043 specie
1833 971 2068 1027 cohorti
2095 971 2426 1045 praefectus,
2463 983 2528 1032 et

362 1061 583 1125 militia
612 1061 838 1120 laudari
862 1063 1197 1133 commoda,
1224 1080 1301 1120 ne
1332 1062 1488 1122 Paris
1520 1061 1920 1120 conditionem
1945 1073 2132 1139 poetae
2146 1104 2166 1130 ‚
2197 1067 2362 1139 quod
2393 1085 2522 1122 ma-

364 1152 519 1213 xime
550 1155 869 1230 optaverit,
901 1155 1171 1214 miseram
1202 1174 1324 1214 esse
1352 1155 1617 1213 crederet
1648 1167 1706 1212 et
1731 1155 2040 1214 infelicem.
2082 1157 2199 1214 Sed
2223 1159 2522 1217 Juvenalis

366 1262 488 1304 non
519 1267 553 1302 a
588 1247 925 1306 Domitiano
950 1259 1012 1304 et
1040 1248 1277 1316 Paride,
1308 1250 1411 1306 sed
1442 1251 1517 1306 ab
1547 1249 1846 1307 Hadriano
1879 1250 1944 1308 in
1969 1249 2232 1307 exsilium
2265 1263 2352 1309 est
2379 1255 2524 1310 mis-

368 1337 791 1444 ωε(ν1ἀ.νίια
818 1338 998 1418 ejus).
1024 1340 1227 1398 unde
1210 1361 1271 1398 m
1298 1341 1467 1416 hujus
1492 1343 1695 1400 saltem
1724 1341 2100 1417 Imperatoris
2123 1355 2182 1398 et
2208 1342 2528 1419 histrionis,

371 1430 476 1506 qui
514 1430 569 1488 ei
608 1431 669 1488 in
704 1431 929 1490 deliciis
964 1433 1109 1502 fnit,
1154 1432 1432 1490 invidiam
1472 1435 1594 1492 haec
1633 1435 1926 1511 scripsisse
1959 1431 2284 1494 censendus
2315 1447 2420 1496 eet.
2465 1441 2534 1500 Si

372 1533 568 1580 tamen
599 1534 775 1598 poeta
816 1536 1019 1581 noster
1061 1525 1232 1599 hujus
1282 1527 1554 1584 carminis
1593 1539 1798 1586 auctor
1833 1529 1976 1600 fuit,
2019 1530 2298 1604 suspicari
2332 1532 2530 1588 malim

374 1615 737 1676 occasionem
762 1616 835 1674 ad
860 1617 1009 1674 illud
1026 1615 1457 1676 conficiendum
1484 1621 1540 1676 ei
1565 1619 1818 1678 oblatam
1853 1622 2026 1680 fuisse
2056 1644 2085 1678 a
2113 1625 2310 1696 Gallo,
2339 1626 2530 1684 amico

372 1708 437 1762 in
460 1707 733 1764 militiam
772 1717 963 1766 eunte.
996 1711 1211 1768 Utrum
1238 1729 1383 1766 vero
1413 1713 1534 1768 haec
1569 1713 1753 1770 Satira
1786 1713 2054 1772 save-hali
2085 1717 2160 1772 sit
2187 1717 2525 1791 tribuenda,

368 1799 489 1874 jam
503 1801 645 1858 olim
668 1799 858 1871 fuere,
875 1801 979 1876 qui
996 1801 1422 1859 addubitarem.
1444 1805 1811 1878 scholiastes,
1833 1829 1864 1864 a
1887 1809 2081 1865 Barth.
2101 1810 2344 1869 Advers.
2361 1813 2528 1885 xlv,

386 1889 457 1947 16
480 1934 497 1962 ,
539 1892 833 1967 laudatus,
864 1895 985 1950 haec
1006 1894 1303 1951 adnotavit
1340 1917 1356 1952 ε
1382 1895 1634 1966 Quidam
1659 1895 1894 1967 dicunt,
1919 1918 2042 1956 non
2069 1918 2190 1957 esse
2214 1903 2534 1974 Juvenalis,

377 1982 483 2040 sed
501 1983 576 2040 ab
605 1983 727 2057 ejus
748 1985 935 2042 amico
960 1986 1299 2061 appositam.
1326 1990 1505 2044 Vetus
1533 1989 1730 2046 Schol.
1761 1991 1967 2047 Pithoei
1992 2012 2009 2047 ε
2035 1993 2147 2048 Ista
2181 2011 2218 2049 a
2242 1993 2536 2070 plerisque

378 2075 735 2150 exploditur,
768 2088 826 2133 et
858 2077 1073 2134 dicitur
1104 2098 1229 2136 non
1268 2098 1388 2137 esse
1431 2081 1744 2138 luvenalis.
1778 2082 1882 2140 His
1923 2083 2346 2159 adstipulantur
2378 2087 2538 2144 Gro-

380 2166 497 2226 tius
528 2168 603 2224 ad
632 2170 769 2226 Luc.
800 2171 917 2240 111,
955 2179 1055 2241 143
1092 2171 1358 2247 Rutgers.
1390 2175 1526 2230 Var.
1558 2176 1714 2231 Lect.
1748 2176 1850 2245 IV,
1880 2183 1943 2246 4,
1987 2195 2118 2254 pag.
2151 2177 2303 2250 3383
2332 2180 2537 2254 Angel.

380 2261 691 2320 Decembr-
720 2263 891 2320 Polit.
914 2263 1069 2321 liter.
1090 2284 1149 2340 p.
1172 2263 1251 2342 59
1272 2285 1393 2341 seq.
1420 2265 1614 2324 Barth.
1639 2269 1754 2324 loc.
1778 2267 1874 2324 cit.
1893 2269 2263 2340 ,.,Plathner
2295 2271 2537 2328 Bahrdt.

382 2363 463 2412 et
476 2353 609 2422 alin
652 2355 754 2412 sed
788 2357 1156 2446 refragantur
1198 2361 1520 2434 Dempster.
1568 2360 1642 2416 a‘il
1674 2360 1917 2437 Coripp.
1947 2381 2079 2440 pag.
2119 2364 2265 2436 1373
2297 2363 2506 2442 Scalig.
2519 2407 2537 2438 ,

381 2447 819 2506 schunfleisch.
860 2451 1073 2526 aliique
1112 2451 1301 2507 multi.
1340 2454 1544 2527 Neque
1573 2453 1696 2509 haec
1735 2453 1805 2511 lis
1843 2453 2010 2510 facile
2051 2453 2376 2513 dirimenda
2422 2467 2534 2529 est,

384 2556 567 2617 quum
604 2544 667 2599 in
708 2553 1015 2619 utramque
1062 2555 1284 2619 partem
1327 2547 1592 2619 quaedam
1635 2563 1819 2622 eaque
1848 2547 1992 2603 satis
2027 2547 2225 2623 gravia
2256 2547 2543 2624 disputari

380 2635 621 2710 possint.
666 2639 738 2692 In
767 2637 1177 2712 antiquissimis
1210 2637 1375 2694 libris
1405 2637 1556 2693 hauc
1589 2636 1838 2694 Satiratn
1870 2656 1992 2694 non
2025 2648 2252 2695 exstare
2296 2649 2539 2696 testatur

383 2727 549 2783 Valla
581 2750 594 2786 :
633 2728 949 2805 penultima
980 2730 1151 2786 estin
1188 2729 1376 2786 Codd.
1410 2728 1624 2786 nostris
1659 2748 1728 2786 12
1772 2740 1829 2786 et
1864 2728 1966 2800 15,
2004 2749 2112 2787 nec
2150 2749 2272 2786 non
2311 2729 2374 2786 in
2414 2731 2540 2790 aliis

387 2820 683 2878 Calderini
712 2865 729 2892 ‚
779 2823 943 2897 quod
988 2822 1202 2898 probat
1247 2822 1443 2880 Schol.
1492 2822 1688 2878 Barth.
1743 2819 1951 2878 Primis
1995 2839 2234 2900 qnoque
2279 2823 2542 2882 versibus

386 2911 611 2990 ingrata
632 2956 650 2984 ,
680 2933 756 2971 ne
783 2915 971 2972 dicam
1000 2915 1213 2971 insulsa
1230 2956 1246 2984 ,
1278 2915 1427 2972 inest
1456 2912 1800 2990 tautologia,
1825 2931 1942 2986 qua
1971 2913 2176 2972 eadem
2200 2915 2368 2972 notio
2391 2933 2544 2991 qua-

390 3017 481 3064 ter
508 3007 891 3081 exprimitur:
929 3030 955 3057 α
977 3006 1157 3063 felicis
1186 3006 1435 3078 militiae,
1471 3025 1751 3082 prospera
1782 3015 1996 3072 castra.
2034 3007 2292 3066 secundo
2318 3007 2539 3080 sidere,

388 3099 493 3156 sati
537 3101 799 3177 benigni.
827 3125 853 3152 ι
908 3102 1035 3158 Hoc
1080 3111 1271 3157 tamen
1316 3099 1519 3158 Satira·
1563 3099 1913 3174 principium
1955 3099 2004 3154 si
2045 3100 2338 3177 exceperis
2357 3140 2374 3171 ,
2419 3118 2545 3159 non

388 3194 559 3270 plane
594 3193 901 3250 dedeceret
939 3193 1311 3260 Iuvenalem,
1350 3211 1473 3250 eam
1510 3192 1802 3266 scripsisse
1830 3213 1846 3247 τ
1877 3210 2008 3247 nam
2051 3202 2110 3248 et
2153 3211 2184 3248 a
2225 3193 2379 3268 stylo
2420 3193 2542 3266 ejus

393 3287 801 3359 rhetoricaque
850 3303 1049 3342 rerum
1100 3285 1445 3342 tractatione
1490 3284 1650 3340 haud
1695 3284 1978 3340 abhorret
2001 3325 2017 3353 ,
2083 3293 2142 3339 et
2189 3283 2544 3358 politissimis

390 3379 580 3454 placet
618 3378 853 3436 facetiis.
898 3377 1195 3433 Nonnulla
1228 3377 1399 3432 etiam
1439 3375 1564 3448 ejus
1605 3377 1730 3431 loca
1769 3385 2063 3446 tamquam
2103 3374 2396 3430 juvenalis
2424 3375 2546 3430 lau-

395 3469 612 3526 dantur
638 3480 763 3525 tum
801 3489 835 3524 a
878 3469 1083 3526 Servio
1116 3469 1177 3524 in
1220 3467 1385 3542 Virg.
1432 3468 1662 3524 AEneid.
1693 3469 1752 3533 1,
1786 3479 1844 3522 et
1877 3471 1969 3537 11,
2014 3479 2136 3523 tum
2174 3486 2206 3523 a
2252 3467 2546 3525 prisciano

395 3561 500 3618 lib.
520 3563 689 3630 vlu,
719 3580 773 3617 0.
796 3581 836 3636 9
860 3571 920 3617 et
946 3570 1034 3629 14.
1063 3563 1207 3630 Quae
1236 3577 1417 3635 quum
1440 3559 1517 3615 ita
1543 3559 1684 3627 sint,
1715 3561 1896 3617 Satira
1916 3562 2036 3616 haec
2061 3563 2150 3617 vel
2179 3561 2253 3614 ab
2283 3559 2409 3634 ipso
2436 3561 2546 3616 Ju-

396 3653 633 3723 venale,
666 3653 863 3708 forsan
889 3650 1207 3708 admodum
1244 3668 1413 3722 sene,
1444 3661 1544 3706 aut
1577 3669 1696 3706 non
1738 3651 1872 3706 satis
1904 3651 2132 3714 limate,
2167 3649 2256 3706 vel
2291 3650 2368 3704 ab
2399 3649 2551 3705 anti—

395 3743 604 3820 quiore
632 3745 831 3800 saltem
862 3743 1179 3818 scriptore,
1206 3743 1309 3818 qui
1341 3743 1495 3799 haud
1521 3743 1700 3799 invita
1734 3743 1992 3798 Minerva
2025 3743 2278 3800 animum
2308 3743 2382 3799 ad
2411 3743 2553 3800 sati-

395 3836 573 3895 ricam
602 3837 807 3911 poesin
832 3837 1207 3911 applicuerit,
1232 3834 1548 3910 composita
1574 3835 1822 3891 videtur.
1849 3831 2286 3892 Schnrzfleisch.
2310 3844 2513 3892 monet
2528 3875 2547 3907 ‚

397 3923 594 3987 stilm'n
626 3930 849 3987 variare
877 3928 1194 3986 secundum
1216 3939 1467 3998 aetatem,
1489 3938 1548 3984 et
1571 3927 1912 3984 Iuvenalem
1929 3927 2124 3984 forsan
2155 3929 2322 3984 valde
2347 3947 2550 3985 senem

398 4023 691 4099 scripsisse
723 4023 873 4080 hanc
909 4020 1186 4091 satiram,
1228 4039 1411 4096 quum
1437 4019 1503 4075 in
1531 4021 1848 4095 AEgyptum
1889 4038 1920 4074 a
1969 4021 2300 4078 Domitiano
2331 4018 2549 4098 (immo

398 4113 739 4192 Hadriano)
785 4116 1071 4193 relegatus
1102 4126 1265 4172 esset.
1294 4113 1638 4170 Plathnerus
1667 4123 1868 4174 eontra
1910 4112 2339 4192 suspicabatur,
2375 4129 2498 4170 eam
2523 4133 2558 4170 a

2185 4224 2290 4290 27.
