3050 4884
525 332 674 411 434.
841 323 1187 398 VARIAE
1233 325 1833 392 LECTIONES
1878 327 2008 393 ΕΤ
2054 325 2363 394 NOTAE

523 447 664 514 poris
687 447 871 498 frustra
891 444 1271 511 exspectaveris,
1297 453 1541 508 quantum
1565 443 1940 508 loquacissimos
1964 443 2267 506 causidieos,
2302 441 2436 490 diem
2468 437 2687 489 dicendo

525 533 745 580 eximere
763 539 930 579 suetos
945 566 960 592 ‚
983 529 1040 577 in
1061 527 1198 576 Urbe
1217 527 1399 576 lassare
1420 526 1579 592 possit
1591 564 1606 589 ,
1628 537 1685 576 ut
1702 524 1825 576 alter
1844 528 1909 576 ad
1929 527 2251 578 indicandum
2266 543 2431 577 serum
2445 525 2547 572 diei
2562 535 2691 572 tem·

525 632 621 682 pus
661 615 912 670 lueet-nasu
939 623 1148 678 poseat,
1179 612 1302 661 alter
1321 611 1479 660 urim
1505 611 1691 674 injuria
1724 611 1815 660 vix
1836 612 2019 660 morari
2038 613 2303 675 sustineat;
2333 609 2495 659 abibis
2520 617 2691 656 tamen

527 716 633 748 non
651 699 810 750 solum
831 713 938 746 non
957 695 1194 764 expedito
1211 696 1416 762 negotio
1428 729 1446 752 ,
1467 695 1557 744 sed
1579 711 1673 744 nee
1698 697 1954 761 proposita
1976 697 2187 748 actione.

599 781 739 833 Νοτ.
778 785 808 842 4
815 779 843 833 5
865 796 976 850 seq.
1019 778 1256 830 Cadit-ius
1283 788 1340 830 et
1360 779 1541 828 Fuscus
1562 775 1785 830 nomina
1806 795 1919 830 non
1938 774 2212 849 judicum,
2238 776 2451 847 opinor,
2474 770 2570 826 sed
2588 787 2689 844 pa·

525 876 810 918 tronorum
831 879 1176 916 caussarum:
1197 859 1346 916 unde
1369 863 1688 928 etfacundus
1708 859 1799 916 ille
1821 859 2038 916 dicitur.
2058 860 2298 925 Anauni
2323 859 2510 926 fallor,
2538 856 2691 908 caedi-

525 951 627 1002 cius
647 959 974 1000 memoratur
994 945 1154 1010 xm,
1179 962 1276 1018 197
1305 948 1380 1016 (et
1397 944 1561 998 lectio
1576 946 1740 1000 etiam
1764 947 1823 999 h.
1849 947 1887 1000 1.
1912 945 2081 1000 dubia
2102 960 2215 1012 est;
2239 943 2335 999 vid
2354 943 2691 1006 Var.Leet.),

526 1031 666 1084 alius
687 1047 905 1102 quoque
927 1032 1111 1081 Fuscus
1136 1031 1240 1095 IV,
1275 1047 1296 1082 1
1310 1047 1371 1082 η
1391 1068 1408 1096 ,
1431 1024 1528 1082 sed
1554 1027 1699 1082 idem
1722 1028 1860 1082 forte
1884 1029 1997 1081 XII
2014 1069 2029 1096 ,
2057 1027 2150 1096 453
2178 1029 2319 1083 Plin.
2341 1029 2445 1102 Ep.
2468 1027 2578 1078 vu
2596 1065 2615 1092 ,
2636 1041 2691 1092 9,

523 1127 580 1169 et
600 1114 845 1170 Aurelius
870 1115 1075 1168 Fuscus
1095 1153 1112 1178 ,
1133 1125 1398 1187 patronus
1422 1112 1650 1184 insignis
1673 1113 1837 1187 hujus
1860 1115 2143 1186 tempor-iu
2166 1113 2410 1167 Martial.
2438 1110 2581 1176 vn,
2610 1126 2694 1178 ²7.

525 1198 714 1252 Verba
749 1211 928 1252 autem
967 1198 1199 1252 obscura
1219 1197 1275 1251 h.
1312 1197 1419 1252 loc.
1443 1197 1611 1268 vulgo
1634 1208 1911 1269 exponunt
1932 1196 2009 1250 ita
2032 1215 2047 1249 :
2077 1197 2291 1249 Caedae'cae‘o
2304 1199 2417 1263 jam
2438 1204 2657 1264 ponente
2672 1229 2691 1256 ,

526 1279 831 1354 deponente
847 1321 864 1346 ,
889 1285 1142 1341 lacernas,
1167 1293 1230 1334 ut
1252 1281 1340 1334 vel
1365 1291 1494 1352 agat
1509 1293 1758 1333 caussam
1772 1319 1787 1340 ,
1810 1281 1855 1333 si
1871 1293 2135 1353 patronus
2157 1291 2263 1346 est,
2286 1278 2373 1332 vel
2387 1317 2401 1343 ,
2424 1279 2470 1330 si
2492 1274 2693 1349 judex,

527 1383 648 1418 eam
676 1363 895 1428 audiat,
924 1375 1020 1418 aut
1043 1362 1348 1436 deponente
1375 1365 1448 1418 ob
1471 1377 1690 1428 aestnm,
1733 1360 1866 1418 dum
1897 1374 2170 1436 exspectat
2200 1361 2411 1436 judices
2442 1370 2497 1413 et
2524 1358 2697 1429 frigus

528 1459 716 1519 captat
755 1446 986 1502 vestium
1022 1465 1188 1502 onere
1213 1460 1470 1519 gravatus
1487 1487 1504 1513 ‚
1538 1460 1590 1497 et
1612 1451 1769 1498 Fusco
1798 1444 1985 1519 judice
2002 1447 2115 1515 jain
2147 1447 2452 1496 micturiente
2476 1453 2592 1496 tum
2614 1440 2691 1492 ob

527 1530 748 1600 longam
778 1527 1000 1585 sedendi
1034 1542 1092 1585 et
1113 1529 1462 1602 exspectandi
1481 1549 1717 1597 moram,
1740 1542 1859 1584 tum
1884 1530 1957 1583 ob
1993 1529 2202 1600 largam
2228 1527 2365 1581 meri
2386 1527 2693 1600 potionem;

529 1612 716 1684 quales
735 1612 944 1685 judices
966 1625 1122 1669 notat
1143 1613 1324 1668 Titius
1351 1633 1441 1686 ap.
1465 1613 1715 1669 Macrob.
1742 1613 1854 1668 Sat.
1880 1615 1996 1681 111,
2024 1617 2119 1668 16:
2144 1639 2167 1661 ι
2182 1611 2493 1667 describens
2512 1609 2692 1664 homi·

526 1713 623 1748 nes
661 1693 922 1767 prodigos
959 1695 1016 1750 iu
1039 1697 1222 1752 forum
1256 1695 1327 1752 ad
1346 1696 1707 1770 judicandum
1743 1699 1925 1752 ebrios
1958 1707 2355 1752 commeantes:
2378 1695 2607 1750 veniunt
2636 1693 2695 1747 in

527 1777 810 1832 comitium
850 1779 1058 1845 tristesg
1085 1781 1283 1853 jubent
1311 1779 1492 1834 dicere
1507 1821 1524 1845 ,
1548 1801 1783 1854 quorum
1806 1783 2086 1853 negotium
2112 1795 2193 1835 est
2209 1818 2226 1847 ,
2248 1791 2473 1834 narrant
2491 1800 2505 1830 t
2525 1778 2696 1853 judex

528 1874 688 1916 testes
707 1861 886 1936 poscit
901 1903 916 1930 ,
940 1864 1090 1938 ipsus
1114 1867 1160 1918 it
1183 1865 1406 1920 mictum
1427 1884 1442 1919 ε
1469 1866 1565 1918 uhi
1589 1863 1757 1927 redit,
1786 1867 1863 1920 ait
1880 1885 1937 1920 se
1960 1865 2229 1920 audivisse
2248 1866 2459 1930 onnia,
2478 1863 2698 1917 tabulas

525 1945 734 2019 poscit,
757 1947 942 2000 literas
963 1947 1211 2020 inspicit,
1231 1949 1324 2002 vix
1346 1967 1460 2020 pro
1485 1949 1617 2002 vino
1643 1949 1871 2002 sustinet
1891 1949 2199 2021 palpebras.
2220 1973 2243 1996 ι·
2261 1951 2293 2001 J
2300 1946 2487 2002 udices
2502 1944 2697 2000 sedent

527 2031 720 2096 otiosi,
747 2031 922 2085 donec
949 2028 1115 2085 tedio
1143 2050 1308 2086 moro
1347 2033 1532 2086 affecti
1559 2033 1804 2088 lacernas
1830 2030 2147 2105 deponuut;
2184 2030 2403 2088 Calder.
2430 2027 2539 2086 Sed
2564 2047 2695 2085 vera

530 2126 610 2168 est
627 2155 640 2180 ,
669 2115 883 2187 opinor,
913 2115 1073 2169 Hein.
1099 2116 1510 2188 interpretatio:
1537 2117 1849 2172 «luvenalis
1871 2129 2053 2190 aperte
2083 2114 2249 2170 dicit:
2276 2115 2481 2189 Sepias
2502 2115 2545 2167 si
2578 2116 2699 2186 jam

530 2197 588 2249 in
613 2217 677 2252 eo
699 2208 808 2262 est,
833 2209 896 2250 ut
923 2209 1120 2250 nostro
1159 2196 1281 2250 lites
1319 2195 1707 2270 dijudicentur,
1740 2200 1785 2253 si
1814 2212 2057 2253 oratores
2080 2219 2137 2253 se
2164 2201 2279 2270 jam
2302 2198 2375 2253 ad
2404 2195 2697 2252 dicendum

529 2292 723 2353 parent
738 2319 752 2342 ‚
773 2277 987 2352 aliquid
1005 2280 1094 2344 fit,
1116 2300 1227 2353 quo
1243 2279 1510 2352 judicium
1531 2281 1801 2338 differtur.
1822 2285 1943 2338 Hoc
1962 2285 2036 2338 ita
2058 2284 2349 2358 expressit:
2372 2283 2701 2354 Sifacundus

536 2365 780 2416 Caedicius
793 2366 906 2428 jam
931 2366 1078 2432 ponit
1107 2368 1354 2424 mornas,
1383 2365 1526 2418 utin
1558 2379 1685 2436 toga
1706 2367 2005 2421 orationem
2029 2386 2181 2421 suam
2203 2365 2403 2422 habeat
2436 2365 2703 2436 (lacernas

531 2446 679 2500 enim
700 2447 842 2516 togis
878 2445 1408 2517 superinduebantur
1443 2457 1498 2500 et
1536 2460 1668 2520 toga
1702 2447 1886 2504 induti
1912 2469 2025 2504 esse
2062 2449 2335 2504 debebant
2366 2448 2599 2514 dicturi,
2624 2448 2698 2502 ef.

534 2531 700 2584 Mart.
724 2530 894 2596 vm,
926 2529 1022 2594 ²8,
1045 2543 1100 2584 et
1117 2530 1256 2596 Ptin.
1275 2529 1379 2602 Ep.
1399 2529 1484 2594 Η,
1511 2535 1541 2582 3
1558 2571 1579 2596 ,
1602 2543 1657 2584 et
1675 2533 1777 2597 lv,
1800 2533 1883 2602 a),
1911 2543 1965 2587 et
1978 2538 2161 2585 Fuscus
2174 2537 2294 2605 jam
2315 2537 2544 2598 mium-ie,
2566 2531 2699 2606 quia

533 2633 662 2668 mox
691 2611 938 2666 dicturus
967 2625 1080 2678 est,
1124 2627 1180 2666 et
1217 2615 1389 2686 igitur
1427 2612 1769 2686 aliquamdiu
1790 2616 1898 2669 hoc
1920 2617 2101 2672 faeere
2126 2637 2237 2672 non
2260 2630 2477 2690 potest3
2510 2615 2558 2672 si
2576 2617 2699 2670 hae

537 2696 722 2750 omnia
742 2695 882 2750 fiunt
895 2708 950 2751 et
968 2697 1146 2769 parati
1167 2716 1351 2751 sumus
1370 2695 1444 2751 ad
1457 2697 1575 2752 hate
1596 2697 1870 2752 audienda
1891 2713 1946 2754 et
1970 2719 2071 2757 nos
2094 2700 2492 2769 defendendos,
2518 2714 2702 2754 tamen

538 2779 731 2853 saepius
766 2779 964 2834 infecta
998 2799 1056 2833 re
1088 2779 1303 2852 digredi
1329 2780 1506 2836 coacti
1538 2799 1742 2836 sumus.
1762 2808 1786 2830 ι
1810 2783 2089 2841 Ferrarius
2116 2783 2187 2842 de
2208 2803 2267 2840 re
2296 2798 2431 2840 vest.
2468 2786 2571 2853 IV,
2610 2785 2697 2838 ³5.

535 2892 562 2913 α
584 2863 712 2916 Non
730 2861 826 2927 ita,
841 2861 1038 2935 inquit,
1063 2873 1399 2938 compertum
1416 2865 1553 2918 mihi
1578 2875 1676 2931 est,
1698 2883 1796 2920 cur
1816 2869 2057 2920 Cadioius
2068 2871 2294 2936 posuerit
2308 2872 2565 2922 lacernas.-
2582 2885 2717 2922 non.

538 2945 690 3020 quod
714 2945 1036 3017 defatigatus
1062 2961 1200 3001 esset
1217 2946 1601 3020 exspectando,
1620 2967 1735 3004 nou
1754 2949 1901 3004 enim
1923 2969 2078 3006 mora
2090 2963 2283 3008 astum
2306 2952 2497 3018 afrem
2524 2971 2701 3024 neque

540 3026 774 3082 dicendo
798 3027 1095 3084 delassatus
1111 3071 1126 3096 ,
1151 3029 1396 3086 noudum
1419 3033 1569 3086 euim
1593 3051 1783 3088 caussa
1808 3047 1985 3106 empta
2016 3047 2166 3090 erat:
2189 3036 2418 3090 fortasse
2452 3035 2582 3109 quia
2610 3033 2697 3088 di-

541 3111 683 3166 cturi
713 3114 943 3164 lacernas
981 3116 1319 3182 deponebant,
1343 3115 1400 3168 in
1439 3134 1553 3188 quo
1589 3128 1769 3171 tamen
1792 3119 1977 3173 hosito
1996 3159 2011 3186 ,
2042 3138 2212 3192 quum
2244 3133 2436 3176 auctor
2464 3120 2607 3174 Dial.
2629 3118 2702 3174 de

540 3208 744 3249 orator.
765 3214 885 3268 cap.
911 3196 1002 3265 39,
1023 3198 1188 3251 etiam
1199 3202 1433 3266 penulas
1453 3199 1513 3252 in
1534 3199 1748 3272 agendo
1768 3197 2042 3257 adhibitas
2059 3202 2224 3259 dieat.
2246 3229 2269 3252 ι·
2295 3205 2425 3258 Hac
2436 3221 2566 3258 vero
2586 3221 2703 3258 non

536 3281 681 3353 justa
703 3277 990 3332 haesitandi
1021 3279 1164 3335 ratio
1192 3293 1288 3335 est.
1315 3286 1530 3336 Paenulis
1554 3297 1671 3338 tum
1692 3287 1985 3342 utebantur
2014 3289 2242 3342 Romani
2266 3289 2433 3344 etiam
2456 3289 2517 3342 in
2546 3288 2705 3342 Urbe

541 3364 760 3438 frigoris
773 3377 829 3419 et
840 3364 1040 3437 pluvias
1053 3380 1241 3420 caussa
1259 3364 1396 3435 (vid.
1417 3363 1490 3420 ad
1505 3369 1577 3434 V,
1597 3373 1709 3439 79),
1726 3374 1849 3441 togis
1866 3373 1923 3426 in
1943 3373 2221 3446 publicum
2240 3372 2515 3446 prodituri
2532 3372 2704 3443 (unde

541 3461 596 3502 et
617 3461 758 3520 togae
779 3449 982 3502 mentio
1007 3447 1072 3503 fit
1099 3451 1156 3502 in
1181 3448 1374 3504 vestitu
1401 3450 1664 3524 cultuque
1688 3457 1917 3510 oratoris
1940 3455 2091 3529 apud
2116 3457 2352 3524 Quintil.
2373 3455 2484 3524 XI,
2508 3459 2609 3526 3),
2646 3470 2703 3510 et

541 3533 771 3602 &cemes
809 3533 950 3604 togis
977 3533 1310 3607 injiciebant.
1335 3531 1465 3588 Vid.
1495 3533 1568 3588 ad
1593 3537 1707 3604 lx,
1741 3539 1825 3603 28,
1852 3561 1949 3610 ²93
1984 3546 2237 3594 lacernam
2269 3540 2558 3614 legendum
2585 3561 2701 3596 esse

540 3615 599 3668 h.
623 3613 729 3668 loe.
753 3617 1018 3688 suspicari
1039 3619 1231 3690 possis.
1253 3617 1362 3672 sed
1385 3637 1522 3693 sepe
1543 3621 1685 3693 plur.
1711 3641 1813 3695 pro
1834 3623 1974 3695 sing.
1991 3625 2177 3679 Verba
2192 3639 2371 3680 autem
2390 3631 2577 3678 Fuscus
2586 3629 2698 3694 jam

541 3699 754 3749 mineus-a
793 3700 920 3771 plus
958 3703 1014 3755 in
1057 3721 1269 3756 recessu
1308 3703 1511 3758 habere
1552 3704 1827 3773 videntur,
1864 3727 2029 3781 quam
2052 3709 2231 3764 fronte
2268 3709 2621 3784 promittunt,
2644 3721 2703 3764 et

540 3792 702 3852 poeta
729 3783 1000 3850 satiricus,
1029 3785 1088 3838 ni
1111 3786 1288 3852 fallor,
1310 3806 1422 3841 non
1443 3786 1611 3841 modo
1632 3803 1921 3861 patronum
1942 3811 2141 3847 caussa
2164 3813 2291 3848 mox
2309 3792 2583 3848 dicturum
2605 3791 2703 3846 de·

541 3863 754 3934 signare
776 3867 953 3920 voluit
967 3908 982 3934 ‚
1005 3866 1099 3922 sed
1121 3871 1284 3922 etiam
1304 3871 1393 3924 vel
1415 3873 1697 3945 loquacem
1720 3874 2008 3950 pluresque
2030 3877 2343 3951 clepsydras
2360 3889 2699 3950 poscentem,

539 3949 626 4004 vel
645 3961 970 4022 potatorem,
991 3953 1110 4025 qui,
1139 3967 1200 4011 ut
1217 3954 1385 4029 judex
1405 3957 1498 4011 ille
1514 3955 1665 4030 apud
1680 3959 1928 4014 Mam-oh.
1950 3962 1990 4014 1.
2010 3960 2159 4016 laud.
2179 3963 2375 4036 sapius
2392 3963 2433 4016 it
2450 3962 2699 4016 mictum.

543 4029 696 4086 Idem
715 4032 896 4088 forsan
929 4037 1136 4092 Fuscus
1156 4053 1218 4093 ut
1241 4041 1459 4096 vinosus
1484 4055 1707 4099 notatur
1730 4061 1761 4100 a
1785 4043 1949 4100 Mart.
1978 4045 2121 4114 VII,
2151 4065 2235 4122 27,
2258 4059 2313 4102 et
2338 4047 2453 4122 ejus
2480 4061 2701 4118 quoque

540 4119 732 4196 conjux
763 4132 825 4172 ut
857 4119 1070 4175 ebriosa
1091 4161 1106 4188 ,
1132 4141 1297 4197 supra
1317 4125 1456 4192 XII,
1485 4125 1571 4190 45.
