3050 4884
630 383 740 448 IN
781 385 1227 450 SATIRAM
1271 387 1761 455 DECIMAM
1808 391 2313 473 QUARTAM.
2421 393 2552 479 349

469 492 608 546 Nor.
646 513 767 564 ²¹9·
808 497 842 548 J
846 508 1061 549 urentes
1102 509 1489 569 precantesque
1526 503 1797 568 tangebam
1840 521 1985 552 aram
2026 504 2209 572 (conf.
2256 504 2344 556 111
2359 543 2373 568 ,
2421 505 2552 570 1455

394 571 541 628 xm
559 615 574 640 ,
595 577 664 646 89
686 599 705 644 ς
731 580 889 651 Virg.
912 578 1248 657 AEneidglv,
1270 598 1405 648 919;
1426 581 1538 634 ΧΠ
1557 621 1573 646 ,
1599 600 1731 648 ²0¹3
1755 585 1874 638 Liv.
1899 585 2063 649 XXI,
2087 606 2134 648 1,
2154 600 2209 641 et
2229 587 2300 640 ad
2321 588 2417 641 sil.
2438 588 2554 653 111,

396 655 464 708 89
486 660 537 726 ),
554 661 639 713 vel
656 665 814 728 pedes
831 703 847 727 ,
867 682 1041 732 genua
1061 675 1117 716 et
1135 664 1425 717 simulacra
1447 664 1709 731 deorum,
1739 681 1801 720 ut
1828 668 1976 741 apud
2002 671 2220 736 Sueton.
2241 673 2368 726 Tib.
2393 691 2479 744 27,
2502 684 2558 725 et

392 738 556 794 Ovid.
581 743 801 797 Metam.
836 746 1004 811 xm,
1032 745 1151 798 585.
1192 775 1262 786 —-
1302 747 1484 798 Cereris
1512 767 1616 820 pro
1644 768 1987 823 quocumque
2011 755 2230 808 numine
2253 767 2308 808 et
2333 752 2556 827 quidem

390 823 744 882 sanctissimo.

462 923 602 976 Nor.
642 943 763 978 990.
799 929 1031 992 Elaeam,
1052 939 1323 980 mortuam
1351 944 1414 979 ac
1437 928 1722 1000 sepultam.
1753 928 2000 984 Verbum
2022 932 2292 998 funerale‚
2318 946 2382 988 ut
2403 934 2554 1008 apud

388 1002 555 1076 Prop.
579 1006 681 1070 IV,
705 1026 757 1079 7,
777 1026 835 1077 73
863 1009 934 1060 al.
956 1007 1067 1062 vid.
1092 1027 1255 1081 supra
1276 1007 1347 1062 ad
1369 1010 1424 1075 1,
1447 1027 1537 1080 79.

462 1099 605 1153 Nor.
646 1119 765 1156 991.
804 1106 1067 1171 Monisem
1090 1123 1199 1156 cum
1234 1109 1373 1172 dote,
1409 1123 1636 1178 magna,
1660 1119 1714 1160 et
1740 1108 1872 1162 hinc
1893 1127 2082 1163 caussa
2115 1111 2324 1165 mortis.
2367 1113 2556 1166 Verba

386 1180 566 1237 lamna
601 1189 729 1236 subit
766 1199 1011 1258 spectant
1047 1188 1119 1242 ad
1156 1190 1321 1244 ritum
1356 1191 1687 1263 nuptialem,
1727 1210 1836 1262 quo
1876 1211 2020 1246 nova
2062 1206 2258 1266 nupta,
2302 1193 2371 1247 ad
2411 1195 2554 1248 aedes

386 1268 579 1340 sponsi
600 1268 791 1338 ducta,
812 1282 874 1325 ut
892 1273 1062 1327 invita
1084 1273 1448 1346 virginitatem
1472 1273 1744 1346 deponere
1766 1274 2044 1329 videretur
2057 1313 2074 1343 ,
2103 1296 2132 1330 a
2161 1280 2556 1352 paranymphis

388 1354 713 1424 portabatur
738 1367 883 1408 trans
909 1359 1087 1424 limen,
1125 1357 1277 1430 quod
1310 1371 1421 1412 tam
1451 1359 1521 1410 ab
1555 1359 1919 1431 ingrediente,
1952 1379 2116 1433 quam
2141 1363 2212 1415 ab
2244 1362 2554 1435 egrediente

390 1437 542 1508 tangi
570 1437 872 1492 ominosum
898 1453 1017 1494 erat
1034 1440 1171 1509 (vid.
1196 1443 1383 1495 Burm.
1406 1442 1477 1494 ad
1497 1443 1662 1496 Ovid.
1681 1447 1796 1498 Am.
1821 1447 1847 1497 1
1865 1485 1882 1512 ,
1913 1464 1970 1498 19
1992 1484 2007 1507 ,
2036 1453 2068 1510 4
2087 1488 2104 1514 ,
2122 1460 2176 1501 et
2200 1449 2457 1520 Doering.
2478 1448 2554 1503 ad

386 1519 587 1572 Cauill.
608 1523 764 1587 LXI,
789 1527 919 1592 166)
936 1545 951 1590 ς
958 1540 1225 1592 premetur,
1251 1525 1635 1593 suffocabitur,
1670 1528 2126 1598 strangulabitur3
2160 1532 2360 1598 quibus,
2388 1548 2555 1600 quam

385 1603 655 1657 scelestis!
679 1605 783 1658 nisi
811 1608 967 1662 malis
999 1621 1121 1680 post
1152 1612 1323 1679 digitis
1346 1609 1561 1682 signum
1589 1610 1847 1682 interrog.
1878 1630 2110 1683 ponere,
2135 1625 2198 1666 ut
2230 1631 2416 1666 seusus
2445 1613 2549 1669 sir:

388 1685 717 1756 quibusnam
752 1689 872 1742 aliis
910 1709 1074 1762 quam
1111 1692 1293 1745 mariti
1332 1693 1434 1758 sui,
1476 1694 1570 1764 qui
1614 1707 1738 1747 tuus
1777 1706 1858 1748 est
1893 1694 2038 1748 filius
2057 1696 2082 1748 Ρ
2117 1697 2220 1748 Alii
2259 1695 2326 1750 de
2365 1696 2550 1768 digitis

386 1771 607 1825 aconito
652 1772 865 1828 infectis
904 1775 1211 1848 accipiunt,
1253 1777 1379 1830 coll.
1421 1777 1562 1830 Plin.
1599 1777 1851 1844 XXVII,
1891 1799 1918 1834 9
1947 1799 1962 1834 :
1999 1807 2021 1826 ι
2043 1781 2269 1835 Constat
2312 1782 2556 1835 omnium

388 1873 717 1910 venenorum
738 1858 1047 1911 ocissimum
1076 1878 1190 1913 esse
1214 1860 1490 1916 aconitum
1506 1901 1523 1927 ,
1546 1873 1600 1913 et
1629 1863 1787 1914 tactis
1807 1882 2026 1935 quoque
2051 1865 2378 1935 genitalibus
2404 1866 2556 1919 semi·

386 1938 507 1991 uiui
532 1957 689 1992 sexus
718 1941 1036 1996 animalium
1074 1942 1267 1998 eodem
1302 1944 1393 1998 die
1426 1945 1627 1999 inferre
1661 1959 1914 2002 mortem.
1955 1947 2077 2001 Hoc
2114 1949 2222 2002 fuit
2251 1968 2520 2006 venenum
2540 1991 2555 2015 ,

390 2039 502 2094 qno
545 2023 894 2098 interemptas
939 2025 1265 2082 dormientes
1306 2047 1340 2082 a
1380 2029 1678 2099 Calpurnio
1717 2032 1898 2085 Bestia
1940 2051 2136 2088 uxores
2171 2036 2254 2090 M.
2305 2033 2553 2088 Coecilius

390 2121 671 2162 accusator
687 2110 890 2182 objecit
908 2129 922 2165 ε
940 2111 1071 2166 hinc
1093 2113 1191 2167 illa
1212 2126 1367 2167 atrox
1390 2117 1665 2188 peroratio
1689 2121 1802 2192 ejus
1824 2119 1882 2172 in
1910 2118 2158 2192 digitum.
2173 2146 2196 2168 ι

459 2294 595 2343 Van.
631 2294 749 2343 223.
786 2294 1109 2360 ,inquirenda
1138 2307 1296 2359 recte,
1333 2309 1489 2362 puto,
1519 2299 1714 2349 emend.
1746 2303 1942 2366 Grang.
1973 2303 2076 2350 vid.
2113 2301 2177 2350 ad
2205 2305 2308 2363 VI,
2338 2305 2455 2352 501.
2481 2332 2553 2342 -—

390 2377 557 2436 Putes,
582 2379 673 2440 18,
700 2393 788 2442 19,
814 2379 897 2437 93,
921 2394 1011 2440 27,
1031 2380 1256 2439 46-50,
1286 2381 1354 2436 54
1371 2417 1387 2442 ,
1417 2383 1501 2440 55,
1528 2385 1615 2440 56,
1639 2385 1879 2444 59-64,
1899 2384 1984 2443 65,
2007 2385 2093 2445 68,
2112 2386 2199 2448 69,
2220 2395 2425 2446 71--74
2472 2404 2553 2450 77.

458 2486 599 2539 Nor.
641 2486 759 2539 993.
800 2483 961 2538 cade
993 2485 1098 2538 sibi
1135 2486 1349 2539 facilius
1384 2485 1606 2538 divitias
1643 2486 1888 2558 parabit,
1926 2505 2092 2560 quam
2126 2488 2378 2540 erumnis
2416 2504 2552 2541 terra

388 2571 616 2637 marique
637 2566 951 2621 tolerandis.

456 2663 601 2716 Nor.
638 2669 759 2726 994.
799 2663 1065 2734 Magnum
1090 2663 1297 2725 scelus,
1338 2661 1490 2735 quod
1518 2675 1884 2734 quastuosum
1910 2676 2016 2729 est,
2054 2661 2254 2729 caedes,
2285 2665 2434 2719 facili
2459 2686 2552 2719 ne·
2601 2687 2608 2698 .

386 2746 540 2818 gotio
565 2759 921 2819 perpetratur.

456 2918 597 2967 Vsa.
637 2919 759 2966 228.
798 2916 941 2974 Levi,
975 2915 1058 2977 45.
1080 2919 1213 2966 Loeto
1231 2951 1249 2974 ,
1276 2919 1356 2967 16.
1382 2943 1453 2956 —
1478 2915 1720 2978 Providit,
1749 2916 1831 2978 15,
1861 2917 1943 2976 16,
1970 2933 2052 2982 99.

454 3015 591 3064 Vn.
631 3030 751 3078 999.
792 3014 1037 3062 fraudem
1054 3049 1069 3074 ,
1090 3024 1175 3071 24.
1196 3040 1267 3053 —
1288 3011 1662 3078 σοηᾰαρῖἰοᾳή,
1697 3013 1781 3073 rs,
1807 3027 1887 3076 17,
1917 3014 2102 3075 18,90,
2123 3029 2184 3062 99
2203 3050 2218 3075 ,
2239 3017 2324 3075 93,
2349 3023 2445 3076 94,
2463 3033 2555 3082 27,

388 3097 481 3158 45,
508 3106 592 3159 47,
617 3099 713 3159 54,
734 3098 817 3156 ⁵8,
845 3097 929 3154 64.
956 3095 1380 3162 conduplicandi,
1408 3099 1487 3146 15.
1516 3099 1660 3143 Forte
1681 3096 1890 3159 rectius,
1911 3097 2004 3144 etsi
2023 3113 2128 3144 non
2145 3099 2351 3163 ignoro,
2381 3117 2550 3149 vocem

388 3177 663 3230 libertatem
690 3181 839 3230 etiam
863 3178 1112 3252 infinitivo
1134 3182 1356 3242 junctam
1376 3179 1502 3244 legi,
1539 3177 1678 3228 verb.
1700 3193 1857 3226 causs-
1891 3179 2027 3244 apud
2053 3181 2202 3245 Prop.
2227 3185 2250 3229 Ι
2263 3219 2278 3244 ,
2317 3197 2362 3242 1,
2394 3185 2478 3243 98,
2505 3196 2557 3232 et

387 3261 553 3312 valer.
580 3265 737 3312 Flacc.
761 3266 813 3324 Ι,
844 3265 963 3312 601.
988 3290 1060 3300 -
1081 3265 1236 3312 Totus
1258 3274 1421 3312 autem
1447 3279 1618 3323 versus
1653 3261 1791 3311 abest
1813 3262 1876 3311 ab
1903 3279 1966 3323 9,
1997 3279 2074 3324 10,
2110 3281 2191 3325 11,
2225 3281 2312 3326 19,
2345 3267 2427 3325 16,
2455 3283 2545 3337 91,

387 3359 549 3411 neque
578 3363 695 3397 eum
720 3348 775 3395 in
800 3362 893 3395 sno
918 3346 1189 3411 exemplari
1219 3346 1449 3395 habuisse
1476 3346 1674 3395 videtur
1703 3357 1845 3395 vetus
1868 3347 2032 3396 Schol.
2061 3347 2148 3408 qni
2175 3345 2319 3396 illum
2347 3349 2546 3399 silentio

386 3431 728 3494 pretermisit,
757 3441 807 3478 et
833 3430 985 3479 verba
1010 3431 1100 3480 dat
1118 3431 1389 3480 libertatem
1412 3432 1679 3495 exposuit:
1707 3432 2046 3480 anctoritatem
2066 3441 2116 3478 et
2141 3425 2408 3495 neq’uitiem
2431 3450 2550 3498 per-

384 3515 557 3566 mittit.
582 3517 667 3564 Est
690 3517 827 3565 haud
847 3517 999 3565 dubie
1018 3513 1199 3566 lacinia
1212 3552 1228 3578 ,
1256 3518 1431 3566 adsuta
1457 3517 1521 3566 ab
1543 3518 1922 3583 interpolatore,
1953 3517 2040 3581 qui
2061 3517 2212 3566 verba
2231 3520 2334 3566 Dat
2347 3519 2552 3569 libet-ta-

385 3609 483 3648 tem
509 3615 617 3648 non
648 3600 1015 3665 concoquebat,
1050 3601 1149 3649 nisi
1182 3601 1299 3650 talia
1333 3601 1648 3650 adderentur.
1683 3602 1858 3650 Minm
1887 3600 2090 3664 quidem
2123 3600 2404 3666 languebit,
2440 3604 2486 3652 si
2502 3616 2556 3652 ec

387 3699 461 3733 vs.
481 3686 582 3735 998
610 3695 660 3732 et
682 3688 784 3735 230
807 3702 903 3751 pro
923 3685 1073 3734 etiam
1095 3688 1313 3751 positum
1329 3683 1595 3754 acceperis.
1623 3686 1690 3733 At
1715 3685 1826 3750 quis
1849 3686 1970 3733 ferat
1993 3684 2122 3732 lianc
2145 3686 2372 3750 copulam
2399 3691 2548 3739 toties

386 3785 445 3818 ac
470 3770 607 3819 vario
635 3786 785 3818 sensu
810 3770 1067 3834 repetitam
1100 3770 1422 3836 eamdemque
1450 3771 1745 3820 seutentiam
1779 3778 1856 3816 ter
1881 3770 2202 3831 expressam?
2239 3771 2372 3819 Hinc
2397 3773 2546 3822 etiam

386 3867 491 3900 non
504 3851 665 3918 placet
686 3853 861 3917 opinio
884 3865 1059 3901 eorum
1075 3890 1090 3914 ,
1112 3855 1201 3919 qui
1216 3871 1288 3904 vs.
1312 3856 1431 3916 930,
1451 3866 1503 3902 ee
1517 3864 1631 3902 ante
1646 3849 1776 3903 totas
1792 3849 2060 3899 delendum
2081 3863 2280 3916 putant,
2305 3864 2361 3901 ut
2375 3855 2544 3905 verbis

384 3936 523 3984 Nam
550 3934 843 4001 quisquis....
876 3935 969 3985 dat
988 3935 1259 3986 menatem
1284 3937 1515 4006 πρότασις
1545 3935 1678 4002 (quae
1701 3935 1774 3982 sic
1793 3934 1946 3981 nimis
1968 3933 2116 3999 longa
2135 3945 2214 3986 est
2241 3948 2291 3985 et
2311 3944 2546 3988 ταυτολο-

388 4019 524 4090 γεῖ),
548 4020 755 4085 reliquis
778 4036 899 4068 vero
914 4057 929 4081 ,
954 4031 1085 4070 totas
1105 4020 1325 4088 effundit
1352 4020 1598 4084 habenas,
1621 4029 1717 4069 etc.
1737 4054 1754 4079 ,
1787 4010 2018 4074 ἀπόδοσις
2052 4020 2380 4070 contineatur.
2415 4024 2546 4071 Toto

385 4107 554 4170 potius
570 4122 717 4156 versu
740 4106 895 4166 ejecto
924 4105 1053 4154 nihil
1074 4117 1177 4167 est,
1206 4105 1343 4170 quod
1369 4107 1425 4154 in
1445 4105 1548 4153 boc
1571 4104 1684 4152 loco
1706 4102 1987 4166 displiceam
2019 4105 2122 4152 vid.
2144 4105 2336 4155 Comm.
2361 4133 2430 4144 —
2449 4108 2546 4156 Hie

384 4205 459 4236 vs.
477 4200 525 4238 et
541 4189 602 4239 al.
624 4189 778 4240 Hafa.
798 4187 961 4250 abest3
980 4204 1132 4255 quare
1158 4189 1459 4252 ejiciendum
1479 4199 1622 4256 putat
1643 4199 1691 4238 et
1711 4189 1924 4240 Cramer.
1945 4187 2034 4235 En.
