3050 4884
513 418 634 488 172
825 404 1170 473 VARIAE
1215 404 1814 469 LECTIONES
1856 404 1987 470 ET
2030 392 2341 471 NOTAE

387 539 394 551 ·
509 520 953 575 «immolatarum
981 521 1129 575 enim
1160 522 1232 574 ab
1258 520 1344 573 his
1371 519 1677 574 hostiarum
1708 532 1831 573 exta
1862 518 1932 573 ad
1959 532 2249 591 quaestores
2278 516 2451 573 aerarii
2481 516 2664 572 delata

502 604 785 671 venibaut3
805 604 1191 677 sacrificiisque
1213 605 1402 677 populi
1427 603 1662 658 Romani
1680 616 1797 657 tum
1817 602 2043 657 deorum
2056 603 2447 657 immortalium
2465 590 2664 667 cultus,

501 696 620 739 tum
641 689 806 742 etiam
822 689 1107 743 bominum
1131 688 1460 743 continentia
1481 688 1686 754 inerat,
1710 712 1734 735 n
1756 686 1940 742 Valer.
1962 692 2107 742 Max.
2129 687 2216 754 11,
2240 707 2267 740 a
2282 726 2299 751 ,
2323 688 2373 739 8.

572 786 710 837 Nor.
741 784 810 837 86
830 804 938 859 seq.
969 784 1266 839 Clarissimi
1292 804 1508 858 quoque
1536 786 1781 838 homines
1808 788 1885 837 ad
1906 788 1997 838 luas
2022 788 2223 855 epulas,
2245 796 2521 857 tamquam
2540 782 2663 837 lau·

500 865 760 932 tissimus,
783 872 1023 922 maturius
1040 873 1184 923 solito
1202 873 1365 935 ibant,
1391 882 1450 922 ut
1468 870 1673 941 largius
1695 868 2011 941 diutiusque
2032 870 2194 941 genio
2214 867 2583 939 indulgerent,
2609 880 2665 920 et

502 953 635 1023 quia
660 951 866 1024 ingenti
895 953 1194 1027 cupiditate
1219 968 1334 1008 tam
1357 953 1580 1008 delicati
1608 954 1715 1007 cibi
1743 954 2024 1008 ardebant.
2046 953 2362 1019 —Impen'is
2380 966 2663 1017 castrorum,

499 1034 846 1089 militaribus.
871 1037 974 1089 Alii
1002 1036 1074 1091 ad
1099 1038 1330 1102 titulum,
1352 1037 1701 1109 Imperatoris
1720 1037 1980 1092 referunt.
2006 1068 2077 1081 --
2095 1038 2245 1088 Solito
2263 1036 2517 1093 matur-ius,
2538 1043 2665 1086 ante

497 1116 693 1173 horam
717 1137 946 1187 nouam,
975 1121 1158 1175 schol.
1179 1120 1327 1192 (vid.
1351 1118 1424 1175 ad
1445 1122 1496 1189 1,
1530 1127 1599 1190 49
1616 1125 1656 1193 ).
1694 1118 2063 1193 Τριχίδιιπνοι,
2094 1119 2392 1175 Lindenbr.
2416 1120 2437 1187 (
2451 1116 2564 1173 vid}
2590 1115 2667 1171 ad

501 1201 619 1263 111,
669 1207 786 1275 67.)

570 1348 706 1398 Vn..
745 1350 831 1413 89.
869 1352 1131 1416 Ereptum,
1151 1368 1214 1401 21
1239 1367 1268 1400 a
1291 1368 1359 1401 m.
1387 1368 1465 1417 pr.
1489 1352 1579 1413 ⁵6,
1608 1353 1695 1402 60.

569 1441 623 1494 N
625 1460 710 1495 or.
728 1441 816 1511 89.
839 1444 1038 1498 Priscis
1049 1446 1384 1515 temporibus
1401 1464 1654 1514 proceres
1675 1444 1911 1499 civitatis
1928 1462 2123 1517 agrum
2142 1444 2417 1507 colebant,
2438 1451 2664 1513 etopere

495 1525 702 1579 rustico
727 1525 1157 1593 delectabantur,
1184 1525 1334 1579 unde
1359 1538 1413 1579 et
1439 1529 1617 1599 prima
1640 1528 1966 1598 cognomina
1991 1540 2143 1592 orta,
2172 1528 2497 1587 Fabiorum,
2525 1527 2665 1578 Len·-

497 1608 762 1671 tulorum‚
794 1600 1161 1671 ciceron-:ms
1180 1608 1533 1673 Sel-anorum,
1562 1610 1845 1671 Pisonum,
1874 1610 2277 1674 Pilumnorum3
2300 1607 2449 1682 quod
2470 1620 2663 1662 notum

498 1707 564 1741 ex
588 1690 727 1743 Plin.
742 1691 962 1751 XVIII,
985 1691 1126 1745 3—5
1145 1690 1388 1753 ;Colum.
1413 1691 1469 1744 in
1492 1693 1647 1746 Praef.
1669 1705 1723 1747 et
1744 1694 1883 1747 aliis.
1907 1724 1974 1735 -
1996 1696 2249 1759 Enetum,
2270 1693 2509 1746 humeris
2534 1692 2661 1745 sub-

499 1772 698 1837 latum,
719 1794 756 1824 a
790 1789 956 1825 monte
987 1776 1202 1835 domito,
1241 1792 1274 1827 a
1300 1774 1442 1829 collo
1475 1776 1562 1830 vel
1592 1795 1725 1848 agro
1752 1788 2041 1840 montano,
2072 1796 2233 1849 quem
2256 1778 2462 1845 subegit
2480 1776 2666 1847 ligone

497 1868 552 1909 et
577 1870 758 1911 aratro
783 1858 970 1926 (conf.
1015 1858 1251 1912 Martial.
1287 1860 1388 1924 IV,
1417 1863 1513 1925 64,
1540 1858 1608 1912 33
1626 1899 1642 1925 ,
1674 1872 1730 1913 et
1756 1861 1911 1933 Vix-g.
1937 1864 2057 1914 AEn.
2092 1863 2213 1926 1x,
2242 1864 2345 1915 608
2362 1863 2383 1930 )
2399 1900 2415 1924 ,
2452 1864 2662 1929 ligonem

495 1943 713 2009 referens
725 1940 966 1997 domum.
986 1944 1075 1997 En
1085 1942 1446 1997 venerandam
1461 1944 1767 2016 priscorum
1786 1944 2020 2000 civitatis
2038 1964 2325 2019 procerum
2344 1942 2659 2016 imaginem!

415 2155 422 2163 ,
457 2098 472 2117 ’
569 2102 706 2151 Van.
744 2118 828 2167 90.
869 2090 1288 2169 Alz‘iproautsr'n,
1317 2104 1399 2155 15.
1419 2104 1551 2153 Ante
1566 2122 1663 2170 pro
1686 2116 1879 2163 aunem,
1908 2106 1994 2169 25,
2024 2108 2119 2167 46,
2140 2115 2223 2170 47,
2245 2105 2337 2163 48,
2362 2104 2447 2153 58.

568 2192 710 2246 Nor.
749 2212 821 2263 90
838 2212 952 2267 seq.
992 2197 1274 2262 Quamdiu
1295 2200 1468 2253 Roma
1487 2199 1671 2253 timuit
1686 2200 1946 2254 Censores
1964 2241 1979 2267 ,
1999 2200 2307 2269 horumque
2329 2214 2555 2251 censura
2574 2214 2659 2250 se·

496 2294 624 2330 vera
649 2276 777 2343 suit,
807 2278 1078 2351 simplices
1105 2299 1322 2354 quoque
1355 2281 1504 2336 fuere
1532 2302 1721 2337 eorum
1746 2286 1922 2338 victus
1942 2296 1995 2337 et
2020 2282 2279 2356 supellex.
2323 2312 2394 2321 --
2435 2284 2659 2333 Tremor-e

497 2357 706 2431 aliquid
721 2400 736 2427 ,
767 2380 862 2415 seu
884 2363 1118 2434 aliquem
1135 2404 1150 2430 ,
1171 2363 1336 2419 docte
1359 2364 1563 2419 dicitur
1582 2366 1825 2437 passim.¹
1849 2397 1918 2406 —
1941 2368 2110 2431 Fabii,
2128 2367 2272 2423 Cato,
2304 2365 2477 2415 Scauri
2490 2374 2544 2416 et
2562 2368 2661 2413 Fa-

497 2446 638 2495 bricii
664 2445 722 2497 h.
758 2443 795 2498 l.
823 2444 1245 2502 clarissimorum
1267 2453 1567 2503 censorum
1588 2449 1829 2503 nomina.
1858 2450 2103 2521 Septem,
2130 2446 2281 2521 quod
2300 2446 2495 2509 sciam,
2513 2447 2662 2497 Fabii

495 2532 644 2582 fixere
673 2530 965 2585 Censores:
1011 2534 1089 2586 M.
1119 2533 1322 2587 Fabius
1348 2534 1673 2597 Ambustus,
1708 2552 1834 2587 ann.
1875 2533 2014 2587 Urb.
2050 2532 2285 2587 CCCXC
2323 2529 2465 2600 (vid.
2495 2530 2663 2601 Pigh-

494 2614 637 2667 Ann.
663 2626 793 2669 tom.
824 2618 884 2683 Ι,
910 2635 1034 2689 pag.
1069 2620 1236 2690 ²7⁴)³
1260 2621 1332 2686 Q.
1357 2620 1559 2673 Fabius
1584 2618 1859 2671 Maximus
1884 2618 2195 2679 Rullianus,
2226 2634 2352 2669 ann.
2379 2614 2661 2669 cnxux

495 2697 649 2765 (Liv.
693 2699 802 2762 lx,
837 2704 938 2765 463
967 2701 1150 2757 Valer.
1177 2704 1322 2757 Max.
1356 2703 1445 2766 11,
1486 2722 1514 2755 a
1533 2742 1549 2768 ,
1585 2721 1649 2772 93
1676 2702 1852 2756 Aurel.
1891 2702 2049 2759 Vict..
2074 2700 2141 2754 de
2175 2700 2293 2753 Vir.
2319 2698 2408 2751 Ill.
2437 2715 2483 2751 c.
2517 2699 2584 2752 32
2602 2700 2658 2766 );

493 2782 563 2847 Q.
584 2780 783 2835 Fabius
804 2782 1015 2855 Gurges
1029 2824 1043 2847 ,
1067 2786 1297 2839 Maximi
1316 2785 1562 2841 Rulliani
1580 2786 1751 2853 filius,
1772 2805 1899 2840 ann.
1924 2786 2265 2840 CDLxxm
2288 2782 2438 2853 (vid.
2463 2780 2535 2835 ad
2553 2782 2657 2849 VI,

495 2867 628 2925 266,
667 2878 721 2918 et
755 2864 910 2937 Pigh.
942 2870 1077 2921 Ann-
1103 2881 1232 2921 tom.
1257 2870 1282 2921 Ι
1301 2908 1314 2929 ,
1338 2888 1458 2943 pag.
1484 2872 1585 2934 431
1605 2912 1620 2936 ,
1644 2871 1745 2935 43²
1762 2874 1811 2941 );
1842 2872 1912 2937 Q.
1936 2870 2137 2923 Fabius
2159 2868 2431 2921 Maximus
2450 2867 2657 2920 Verru-

493 2966 651 3001 cosus
669 2948 987 3017 Cunctator,
1008 2970 1131 3005 ann.
1153 2952 1611 3025 Dxxl11(Pigh.
1631 2957 1765 3008 Ann.
1787 2968 1920 3009 tom.
1942 2955 2018 3019 11,
2040 2973 2162 3026 pag.
2186 2955 2337 3023 107);
2364 2954 2435 3003 M.
2455 2950 2657 3003 Fabius

490 3031 690 3095 Buteo,
728 3052 852 3087 anu.
882 3036 1046 3089 Dx11
1073 3042 1096 3107 (
1109 3036 1267 3106 Pigh.
1291 3038 1432 3089 Anu.
1455 3050 1585 3091 tom.
1613 3038 1669 3090 11
1688 3078 1703 3104 ,
1730 3057 1855 3109 pag.
1880 3041 1952 3092 66
1972 3040 2014 3107 );
2039 3039 2111 3104 Q.
2141 3037 2343 3089 Fabius
2362 3036 2508 3089 Max.
2534 3034 2655 3087 Ser-

489 3116 751 3180 vilianus,
793 3137 918 3171 ann.
963 3120 1536 3189 Dcxxv11(valer.
1568 3122 1717 3175 Max.
1752 3124 1867 3185 v1,
1912 3140 1966 3187 ις
2002 3121 2157 3192 Pigh.
2198 3122 2337 3171 Ann.
2375 3131 2505 3171 tom.
2533 3118 2656 3174 111,

487 3216 546 3270 p.
577 3198 706 3265 33);
733 3200 804 3265 Q.
835 3199 1038 3253 Fabius
1059 3202 1206 3254 Max.
1234 3202 1555 3256 AEmilianus
1579 3204 1984 3276 Allobrogicus,
2024 3220 2149 3255 ann.
2174 3202 2426 3255 DCXLV
2461 3203 2483 3267 (
2497 3198 2652 3270 Pigh.

489 3284 628 3336 Anu.
655 3296 785 3337 tom.
813 3285 902 3338 111
919 3325 933 3349 ‚
959 3304 1088 3357 pag.
1125 3285 1223 3339 130
1244 3289 1283 3356 ).
1309 3290 1436 3341 Non
1457 3289 1601 3342 male
1622 3301 1779 3342 vetus
1804 3287 1989 3341 Schol.
2012 3312 2037 3333 ι
2053 3289 2259 3337 Fabium
2286 3288 2307 3353 (
2326 3302 2451 3337 nam
2479 3285 2556 3337 ita
2582 3285 2659 3337 le·

491 3366 729 3438 gendum
754 3388 854 3441 pro
876 3372 1183 3434 Fabriciani,
1208 3382 1270 3423 ut
1294 3372 1364 3425 sit
1387 3373 1456 3438 Q.
1483 3372 1687 3426 Fabius
1714 3370 1989 3424 Maximus
2018 3368 2325 3433 Rullianus,
2357 3368 2566 3439 collega
2591 3367 2654 3420 P.

490 3452 647 3505 Decii
673 3454 729 3507 in
761 3471 1014 3519 censura,
1047 3454 1142 3526 qui
1165 3472 1290 3507 cum
1323 3454 1515 3509 eodem
1546 3455 1736 3508 consul
1771 3453 1874 3507 fuit
1904 3465 1958 3506 et
1982 3465 2251 3505 certamen
2275 3450 2345 3504 de
2362 3450 2659 3523 provinciis

488 3535 688 3590 habuit
718 3549 852 3591 teste
876 3538 993 3593 Liv.
1024 3538 1100 3601 X,
1125 3540 1229 3609 24)
1255 3540 1547 3593 Censorem
1578 3537 1739 3604 dicit,
1766 3537 1856 3590 cui
1876 3536 1932 3590 in
1953 3537 2193 3590 Censura
2214 3537 2436 3586 Maximi
2452 3551 2654 3588 nomeu

490 3619 743 3683 obvenit,
768 3620 864 3692 qni
889 3621 1166 3675 luxuriam
1185 3622 1422 3696 reipubl.
1451 3622 1717 3676 damnans
1746 3640 1779 3675 a
1811 3622 2021 3692 collega
2044 3626 2097 3673 P.
2128 3620 2296 3673 Decio
2328 3618 2656 3691 postulavit,

489 3714 554 3755 ut
587 3713 682 3755 aut
713 3702 856 3773 ipse,
882 3703 1344 3775 quemadmodum
1380 3706 1434 3758 ei
1463 3705 1756 3769 videretur,
1786 3724 1963 3759 mores
1992 3702 2279 3758 bominum
2311 3702 2653 3767 emendaret,

489 3784 735 3858 priorum
761 3785 1058 3842 Censor-um
1079 3789 1405 3861 negligentia
1425 3788 1701 3862 perditos,
1735 3803 1830 3844 aut
1849 3801 2125 3863 pateretur
2152 3808 2209 3845 se
2233 3806 2487 3843 revocare
2513 3786 2653 3860 pris·

1333 3949 1423 3969 m

1710 3950 1803 3969 m

565 4074 585 4101 ¹
623 4070 742 4119 vid.
775 4072 944 4123 Burm.
978 4073 1044 4123 ad
1076 4072 1242 4123 Valer-
1271 4074 1428 4125 Flscc.
1455 4076 1520 4135 V,
1564 4074 1693 4138 520,
1728 4085 1779 4125 et
1806 4074 1980 4127 Heius.
2003 4075 2065 4124 ad
2094 4075 2352 4126 Claudiam.
2385 4075 2439 4123 in
2472 4072 2645 4123 Rufin-

494 4158 571 4219 11,
611 4156 728 4205 125.
