3050 4884
463 401 475 416 .
567 367 696 455 372
1169 367 1254 430 D.
1301 365 1577 432 JUN11
1620 367 2177 436 JUVENALIS

561 480 852 552 Saltatus
875 482 1072 578 nigro
1101 481 1413 567 tibicine,
1451 479 1967 576 qualiacumque

557 594 954 688 Unguenta,
983 606 1049 662 et
1076 591 1312 678 floreS,
1341 588 1707 686 multaeque
1734 591 1805 660 in
1835 591 2060 661 fronte
2092 616 2393 682 coronae3
2632 609 2699 660 50

465 796 472 811 ι
557 705 738 773 Hinc
762 704 1072 800 jejunum
1104 700 1342 770 odium
1379 726 1395 770 :
1437 701 1551 771 sed
1585 702 1812 798 jurgia
1838 703 2057 797 prima
2082 727 2317 773 sonare

551 815 905 909 Incipiunt
931 812 1171 882 animis
1206 809 1593 882 ardentibus
1620 837 1638 882 ε
1679 812 1825 882 haec
1854 812 2017 882 tuba
2049 813 2222 882 rixae.

557 924 735 992 Dein
765 923 1053 993 clamore
1079 922 1228 1016 pari
1256 922 1711 1008 concurritur,
1734 935 1802 990 et
1827 921 1976 990 vice
2004 919 2119 990 teli

553 1035 755 1104 Saevit
785 1032 968 1102 nuda
995 1055 1277 1101 manus:
1313 1055 1546 1126 paucae
1574 1031 1717 1099 sine
1744 1027 2025 1098 vulnere
2050 1027 2275 1116 malae3

549 1145 683 1213 Vix
713 1144 1062 1236 cuiquam,
1096 1156 1214 1212 aut
1240 1139 1407 1211 nulli
1438 1155 1583 1211 toto
1612 1139 1981 1210 certamine
2006 1163 2210 1209 nasus
2630 1153 2700 1206 55

548 1257 822 1349 Integer
855 1280 872 1322 τ
911 1253 1285 1347 adspiceres
1317 1253 1458 1346 jam
1496 1266 1743 1321 cuncta
1775 1275 1901 1346 per
1936 1250 2207 1344 agmina
2233 1246 2457 1320 vultus

547 1364 911 1451 Dimidios,
951 1363 1112 1432 alias
1143 1362 1380 1450 facieS,
1423 1377 1490 1431 et
1525 1361 1783 1431 hiantia
1814 1359 2029 1455 ruptis

546 1475 713 1544 Ossa
739 1475 956 1571 genis,
985 1471 1220 1568 plenos
1245 1471 1601 1544 oculorum
1626 1473 1949 1566 sanguine
1974 1495 2259 1566 pugnos,

545 1586 814 1655 Ludere
843 1609 914 1654 se
941 1584 1228 1654 credunt
1255 1584 1382 1681 ipsi
1408 1600 1668 1671 tamen,
1705 1596 1772 1653 et
1802 1580 2094 1677 pueriles
2222 1677 2229 1684 .

547 1698 879 1765 Exercere
907 1695 1110 1783 acieS,
1143 1695 1326 1790 quod
1353 1693 1539 1765 nulla
1566 1693 1895 1764 cadavera
1922 1692 2201 1762 calcent.
2628 1715 2699 1767 60

543 1807 634 1873 Et
667 1830 826 1874 sane
861 1829 997 1900 quo
1030 1819 1134 1874 tot
1167 1805 1442 1874 rixantis
1474 1802 1687 1874 millia
1714 1806 1961 1889 turboe,

541 1915 611 1982 Si
646 1917 883 1984 vivunt
908 1914 1188 1984 omnes?
1221 1940 1383 2011 ergo
1419 1916 1643 1984 acrior
1673 1916 1999 2009 impetuS,
2038 1928 2107 1981 et
2132 1911 2279 2006 jam

546 2026 717 2093 Saxa
753 2023 1090 2094 inclinatis
1123 2048 1246 2119 per
1283 2025 1569 2093 humum
1608 2023 1889 2117 quaesita
1924 2021 2184 2091 lacertis

544 2135 894 2228 Incipiunt
915 2149 1265 2228 torquere,
1294 2130 1659 2202 domestica
1689 2131 1999 2200 seditioni

543 2240 740 2328 Tela3
777 2267 903 2312 nec
931 2241 1120 2311 hunc
1147 2237 1733 2336 lapidem,'quales
1758 2255 1825 2310 et
1850 2243 2154 2328 TurnuS,
2186 2255 2253 2310 et
2274 2243 2483 2335 Ajax,
2618 2257 2690 2311 65

541 2349 666 2422 Vel
694 2376 832 2445 quo
861 2351 1157 2448 Tydides
1183 2351 1512 2447 percussit
1542 2350 1848 2446 pondere
1882 2374 2123 2424 coxam

543 2576 698 2634 tibiae
713 2617 731 2648 ‚
754 2593 924 2651 quam
952 2573 1143 2632 fuscus
1167 2573 1376 2649 aliquis
1401 2573 1670 2651 AEthiops
1696 2573 1967 2648 inflabat3
2003 2587 2168 2634 erant
2195 2596 2396 2636 omnes
2422 2598 2691 2658 unguen-

542 2669 615 2726 tis
663 2667 1177 2742 qualibuscumque
1221 2665 1472 2723 delibuti
1513 2676 1573 2723 et
1617 2664 1863 2726 floribus
1906 2670 2106 2728 multis
2150 2671 2336 2746 capita
2378 2675 2640 2732 coronati
2670 2697 2686 2732 ε

543 2781 616 2818 ex
639 2770 805 2835 parte
825 2777 970 2816 vero
999 2758 1430 2834 Tentyritarum
1461 2776 1665 2818 omnes
1694 2760 1957 2837 impasti,
1985 2775 2046 2821 et
2074 2764 2223 2822 odiis
2252 2764 2536 2823 ardentes.
2567 2769 2691 2822 lni-

541 2854 688 2909 tium
709 2869 917 2929 pugnae
949 2851 1186 2909 ductum
1205 2871 1234 2907 a
1258 2850 1467 2928 jurgiis
1491 2860 1551 2908 et
1571 2853 1953 2926 clamoribus,
1984 2857 2223 2932 quibus,
2251 2867 2523 2934 tanquam
2548 2859 2690 2916 ruba

539 2946 768 3020 signum
789 2955 874 3001 est
891 2944 966 3000 ad
988 2942 1371 3000 conserendas
1395 2962 1601 3000 manus
1619 2943 1837 3003 datum.
1856 2949 2003 3004 Mox
2020 2948 2249 3006 sublato
2266 2949 2403 3006 hinc
2422 2951 2559 3008 inde
2576 2951 2693 3008 cla-

538 3054 703 3093 more
733 3035 1210 3112 congrediuntur,
1236 3033 1418 3091 instar
1443 3036 1695 3093 telorum
1723 3057 1955 3116 pugnos
1982 3053 2255 3114 exerunt,
2290 3043 2503 3118 quibus
2528 3043 2687 3102 invi-

539 3149 663 3186 cem
686 3129 764 3184 ita
783 3129 1090 3202 vapulant,
1116 3136 1186 3182 ut
1213 3144 1427 3201 paucos
1452 3127 1656 3185 videre
1682 3129 1758 3185 sit
1784 3149 1889 3188 ore
1914 3151 2035 3190 non
2060 3134 2365 3192 vulnerato
2390 3157 2405 3190 ε
2433 3133 2535 3190 vix
2562 3136 2687 3192 cni-

539 3239 712 3296 quam
744 3217 1170 3288 dimicantium,
1213 3228 1313 3273 aut
1344 3219 1569 3276 nemini
1597 3221 1793 3294 potius
1820 3231 1907 3280 est
1930 3241 2101 3280 nasus
2132 3224 2376 3300 integer.
2405 3225 2686 3284 Cerneres

539 3325 666 3384 toto
695 3312 760 3368 in
791 3308 1051 3367 exercitu
1078 3309 1273 3365 vultus
1295 3308 1659 3381 dimidiatos,
1698 3311 1871 3369 facies
1896 3313 2221 3372 immutatas
2246 3333 2313 3370 ac
2339 3313 2686 3374 deformatas

537 3405 902 3473 vulneribus,
934 3401 1158 3459 detecta
1187 3402 1266 3457 oh
1295 3401 1677 3460 laceratarum
1704 3423 1983 3480 genarum
2008 3405 2197 3462 hiatus
2224 3423 2385 3478 ossa,
2420 3408 2684 3466 omnium

534 3515 736 3553 manus
781 3493 1024 3553 fluentes
1069 3510 1279 3550 cruore
1315 3495 1623 3551 oculorum
1664 3514 1815 3570 quos
1850 3496 2009 3552 hosti
2050 3495 2401 3554 effoderunt.
2454 3499 2683 3556 Ludum

531 3590 690 3645 hunc
711 3599 902 3643 tamen
925 3583 1037 3659 ipsi
1058 3595 1117 3641 et
1135 3584 1420 3660 puerilem
1443 3605 1565 3644 esse
1586 3598 1793 3662 putant
1814 3587 1999 3644 rixam
2012 3630 2030 3658 ,
2054 3589 2217 3664 quod
2244 3591 2493 3648 necdum
2518 3611 2684 3650 mor-

531 3692 770 3738 tuorum
789 3697 1038 3753 corpora
1059 3688 1380 3752 proterant.
1403 3683 1491 3737 Ac
1516 3698 1653 3737 sane
1676 3679 1821 3755 qnid
1840 3679 2050 3738 attinet
2070 3691 2161 3738 tot
2176 3683 2481 3742 hominum
2498 3685 2680 3742 millia

530 3765 811 3847 congredi
837 3769 994 3826 hello
1023 3778 1084 3826 et
1109 3769 1311 3827 saevire
1337 3770 1493 3828 inter
1511 3790 1573 3829 se
1596 3771 1905 3842 hostiliter,
1942 3772 1991 3828 si
2010 3790 2185 3830 nemo
2211 3775 2407 3850 perire
2429 3776 2678 3833 debeat?

527 3862 851 3937 Maioribus
871 3861 1054 3938 igitur
1070 3861 1276 3919 animis
1303 3862 1572 3938 odiisque
1594 3874 1982 3936 concurrunt,
2006 3884 2140 3924 saxa
2164 3887 2271 3943 per
2288 3869 2531 3926 humum
2552 3871 2679 3927 col-

527 3957 744 4034 ligunt,
775 3974 840 4011 ac
865 3952 1117 4011 reductis
1142 3953 1204 4011 in
1232 3953 1516 4011 circulum
1539 3955 1793 4012 brachiis
1820 3965 2129 4032 torquent3
2163 3979 2228 4018 ea
2253 3972 2389 4018 sunt
2404 3961 2677 4020 videlicet

524 4048 728 4105 usitata
763 4045 824 4102 in
853 4044 1138 4104 seditione
1164 4064 1325 4103 arma
1348 4068 1363 4102 ε
1391 4065 1514 4104 non
1540 4047 1678 4104 tales
1693 4065 1761 4104 ac
1784 4059 1975 4106 tantos
1994 4049 2210 4126 lapides
2227 4063 2450 4125 tamen,
2476 4054 2672 4130 quales

525 4149 885 4218 quantosque
924 4135 1068 4209 Ajax
1110 4147 1170 4192 et
1199 4137 1433 4196 Turnus
1469 4136 1889 4214 projiciebant,
1930 4141 2086 4217 quali
2124 4141 2434 4202 Diomedes
2474 4147 2669 4202 AEneae
