3050 4884
1109 407 1516 434 ΜΨ

507 669 1140 840 SATIRA
1242 649 2331 868 DUODECIMA.

1301 1024 1553 1038 ,ῃ

345 1263 714 1399 Naum,
751 1314 1075 1402 Contine,
1116 1313 1222 1383 die
1254 1313 1422 1384 mihi
1459 1312 1726 1382 dulcior
1752 1309 1898 1380 haec
1930 1309 2077 1398 lux,

343 1418 506 1508 Qua
541 1419 748 1492 festus
777 1426 1102 1518 promissa
1132 1424 1270 1494 deis
1309 1421 1621 1494 animalia
1648 1447 1877 1517 cespes

337 1533 710 1625 Exspectat
741 1560 758 1602 ε
793 1536 1058 1604 niveam
1098 1539 1345 1631 reginae
1379 1535 1687 1605 ducimus
1720 1557 1957 1629 agnam
1990 1555 2008 1600 τ

340 1641 480 1709 Par
513 1641 722 1714 vellus
755 1644 1025 1716 dabitur
1062 1647 1396 1741 pugnanti
1435 1647 1759 1742 Gorgone
1794 1645 2056 1712 Maura.

339 1753 477 1822 Sed
508 1753 746 1847 procul
773 1772 1125 1828 extensum
1163 1755 1472 1852 petulans
1498 1756 1718 1852 quatit
1747 1754 1967 1822 hostia
1998 1749 2261 1835 funem,
2468 1766 2497 1812 ἃ

339 1862 637 1957 Tarpeio
673 1881 929 1935 servata
959 1869 998 1934 J
1002 1867 1151 1954 ovi,
1191 1865 1619 1960 frontemque
1648 1877 1994 1952 coruscat;

339 1970 616 2067 Quippe
643 1971 830 2044 ferox
861 1976 1146 2063 vituluS‚
1179 1975 1446 2070 templis
1475 1991 1781 2044 maturus
1812 1987 1880 2042 et
1909 1997 2073 2058 arae,

337 2081 902 2178 spargendusque
937 2110 1160 2174 mero,
1208 2111 1406 2180 quem
1439 2085 1580 2178 jam
1620 2085 1830 2181 pudet
1860 2083 2073 2154 ubera
2108 2079 2343 2152 matris

335 2191 606 2260 Ducere
623 2246 644 2279 ,
674 2195 789 2288 qui
820 2213 1015 2266 vexat
1041 2198 1339 2266 nascenti
1371 2197 1619 2267 robora
1647 2221 1884 2266 cornu.

335 2303 412 2370 Si
443 2327 545 2372 res
572 2304 794 2399 ampla
820 2303 1007 2374 domi
1038 2306 1403 2402 similisque
1425 2305 1787 2376 affectibus
1814 2319 2013 2393 esset,
2434 2334 2495 2368 ιο

333 2412 666 2508 Pinguior
695 2415 1005 2510 Hispulla
1040 2415 1417 2485 traheretur
1447 2431 1717 2502 taurus,
1747 2431 1813 2484 et
1846 2418 1991 2509 ipsa

335 2520 526 2589 Mole
563 2523 773 2618 piger,
811 2549 936 2593 nec
973 2523 1261 2593 finitima
1294 2525 1589 2593 nutritus
1629 2524 1703 2592 in
1734 2523 1985 2611 herba,

335 2629 530 2698 Laeta
570 2631 686 2700 sed
713 2632 1074 2702 ostendens
1105 2631 1432 2705 Clitumni
1469 2657 1717 2726 pascua
1752 2630 2025 2726 sanguis

795 2859 1022 2898 8311}ss
1063 2855 1435 2898 DUODECIHAE
1477 2855 2001 2896 rnrtnrntrAno.

420 2975 471 3014 1.
511 2959 633 3016 Hrc
680 2957 833 3032 diez,
878 2979 916 3018 o
957 2959 1242 3031 Corvine,
1286 2959 1461 3017 natali
1499 2979 1633 3016 meo
1673 2959 1767 3016 die
1808 2957 1951 3015 mihi
1990 2953 2309 3032 jucundior
2350 2962 2481 3011 est:

331 3048 458 3107 haec
492 3051 636 3107 mihi
673 3070 814 3109 vere
844 3052 989 3109 festa
1026 3053 1159 3124 lux,
1199 3071 1405 3127 quam,
1443 3049 1706 3108 victimas
1754 3048 2110 3106 immolando
2158 3045 2383 3104 votivas
2414 3043 2489 3100 ad

332 3161 494 3198 aram
538 3163 574 3200 e
613 3143 753 3214 viyo
795 3145 1006 3220 cespite
1044 3155 1320 3201 structam
1343 3187 1360 3215 ,
1403 3147 1703 3202 celebrare
1736 3143 1987 3202 decrevi.
2032 3145 2204 3218 Agna
2244 3137 2489 3196 candida

331 3235 554 3294 Iunoni
585 3236 1004 3294 sacrificaturus
1039 3256 1199 3310 sum3
1233 3257 1380 3314 agna
1416 3237 1675 3312 ejusdem
1707 3235 1937 3294 velleris
1972 3255 2037 3291 nc
2069 3233 2281 3291 coloris
2319 3230 2487 3287 dabi-

331 3338 432 3385 tur
469 3329 713 3398 Palladi,
751 3349 876 3406 quae
914 3341 1132 3406 pugnat
1159 3341 1378 3387 armata
1411 3333 1618 3406 clypeo
1652 3329 1901 3407 effigiem
1941 3331 2159 3385 Manrae
2192 3323 2487 3400 Gorgonis

331 3432 572 3494 gerente
602 3443 617 3478 x
655 3422 756 3479 sed
794 3421 1010 3479 vitulus
1047 3421 1378 3498 Capitolino
1407 3425 1543 3481 Jovi
1572 3424 1919 3493 destinatuS,
1954 3423 2180 3492 sunem,
2212 3439 2331 3496 quo
2357 3417 2489 3474 ani-

331 3523 499 3588 gatus
531 3525 647 3584 est,
689 3515 896 3590 procul
940 3526 1237 3572 extensum
1273 3518 1575 3586 succutit„
1598 3527 1656 3573 et
1696 3525 1869 3592 capnt
1906 3514 2171 3588 petulans
2215 3521 2483 3586 quassat:

341 3621 552 3679 nempe
580 3605 700 3680 jam
729 3606 923 3676 ferox,
953 3607 1072 3680 jam
1101 3606 1282 3664 ubere
1313 3610 1512 3666 matris
1542 3608 1845 3684 depulsus,
1880 3606 2129 3678 satisque
2159 3603 2383 3660 validus
2418 3613 2487 3661 ut

333 3697 759 3772 emergentibus
802 3699 1058 3774 primum
1099 3699 1374 3758 cornibus
1421 3701 1661 3758 arbores
1697 3701 1969 3769 lacessat,
2014 3715 2078 3753 ac
2120 3717 2225 3772 per
2259 3707 2482 3755 aetatem

325 3790 604 3866 idoneus,
641 3805 708 3849 ut
730 3793 949 3868 templo
974 3805 1033 3851 et
1054 3793 1167 3850 nris
1191 3795 1575 3851 admoveatur
1594 3835 1610 3863 ,
1645 3793 1881 3870 ejusque
1908 3801 2080 3868 caput
2108 3791 2250 3849 vino
2283 3812 2481 3869 asper-

330 3895 518 3962 gutur.
557 3886 621 3943 Si
656 3885 874 3943 divitiis
905 3885 1236 3959 affluerem,
1277 3908 1340 3944 ac
1375 3885 1662 3943 voluntati
1693 3905 1831 3961 opes
1872 3885 2293 3962 responderent
2315 3927 2330 3956 ,
2370 3885 2481 3942 ad-

332 3975 602 4035 ducerem
646 3978 723 4035 ad
757 3997 883 4036 aras
927 3989 1157 4036 taurum
1193 3979 1453 4054 Hispulla
1493 3979 1676 4055 magis
1716 3979 1990 4051 obesum,
2033 3997 2207 4054 quem
2253 3977 2479 4034 tardio-

333 4087 456 4126 rem
496 4071 674 4146 adeps
718 4091 783 4129 ac
818 4083 976 4130 vasta
1015 4073 1278 4149 corporis
1310 4075 1494 4131 moles
1526 4074 1777 4146 faceret3
1815 4092 2005 4150 neque
2048 4074 2146 4130 ille
2182 4073 2244 4128 in
2275 4071 2481 4130 vicinis

331 4161 604 4222 educatus
639 4165 795 4224 foret
836 4166 1059 4241 pascuis
1077 4207 1094 4239 ,
1147 4166 1250 4232 sed
1289 4166 1577 4245 saginatus
1624 4167 1687 4226 in
1726 4165 1936 4246 opimis
1982 4164 2260 4224 Clitumni
2294 4163 2436 4239 ripis
2458 4205 2490 4236 ,,
