3050 4884
559 383 662 450 IN
708 379 1169 450 SATIRAM
1215 379 1696 446 DECIMAM
1739 379 2222 444 TERTIAM.
2343 378 2465 445 285

334 505 662 556 abscondente
683 503 875 567 galero,
898 511 1016 569 quae
1034 496 1199 548 verba
1215 493 1346 546 hinc
1364 491 1684 563 explicanda
1709 491 2004 560 videntur),
2019 490 2090 544 ad
2112 493 2180 551 V,
2207 510 2224 544 ι
2240 491 2320 544 15.
2339 493 2480 546 Con·

335 588 475 657 ring.
509 585 615 636 loc.
651 580 799 635 laud.
830 597 953 653 pag.
990 597 1059 649 97
1086 572 1199 650 seqss
1236 577 1480 647 Grnpen.
1513 575 1584 628 de
1602 593 1768 628 uxore
1787 575 2094 639 Theotisca,
2125 591 2242 646 cap.
2269 579 2326 638 4,
2353 592 2475 645 pag.

343 676 609 733 140—221
632 686 649 730 ;
671 665 879 716 Anton’s
901 664 1075 714 δισσὴ.
1098 666 1147 712 d.
1171 663 1429 713 deutschen
1454 662 1660 718 Notion,
1689 675 1814 730 pag.
1839 677 1904 728 79
1924 677 2030 729 seq.
2055 657 2310 728 Bottigeri
2327 656 2480 710 Sabi-

334 771 422 819 na,
444 771 565 826 pag.
596 752 888 819 139—140.
922 746 1003 798 Ab
1034 744 1221 798 iisdem
1249 742 1534 796 Germanis
1551 755 1806 794 matronae
1827 743 1983 794 Rom.
2009 739 2354 794 adsciverunt
2375 759 2477 792 con-

336 857 461 899 mm,
481 838 681 907 κέρατα,
695 835 801 885 boc
820 843 915 894 est,
939 830 1260 901 capillorum
1281 827 1453 880 nodos
1468 864 1481 886 ,
1500 827 1910 898 implicationes,
1931 838 2128 878 struem
2149 837 2202 879 et
2215 825 2479 878 tutulum:

338 920 491 994 (vid.
519 919 589 971 ad
614 919 717 970 Vl.
740 917 859 969 502.
884 913 1107 966 Salmas.
1128 911 1203 994 nd
1222 911 1390 964 Sulin.
1404 927 1536 992 pag.
1564 913 1664 978 762
1688 911 1754 961 al.
1780 908 1898 961 535.
1919 907 2158 978 Bottiger
2175 907 2210 960 l.
2233 926 2278 960 c.
2299 909 2320 975 )
2351 924 2480 959 nam

336 1018 360 1040 ι
379 995 587 1062 insigne
612 989 1001 1042 Germanorum
1028 985 1313 1056 obliquare
1342 1000 1548 1034 crinem
1574 978 1830 1051 nodoque
1859 979 2332 1049 substringere3....
2351 978 2480 1030 hor-

335 1089 539 1130 rentem
564 1091 777 1146 quoque
788 1069 1045 1141 capillum
1066 1079 1211 1120 retro
1234 1076 1532 1138 sequuntur
1550 1081 1614 1116 ac
1636 1081 1774 1135 saepe
1792 1063 1848 1114 in
1874 1060 1987 1129 ipso
2011 1062 2208 1115 vertice
2225 1060 2482 1131 religant:

336 1158 395 1213 in
414 1156 755 1212 altitudinem
776 1153 1064 1227 quamdam
1079 1164 1129 1204 et
1152 1163 1407 1203 terrorem
1423 1147 1622 1202 adituri
1646 1147 1789 1200 bella
1809 1158 2087 1206 ornantur,
2104 1172 2127 1193 ι
2148 1147 2278 1198 Tac.
2301 1145 2480 1198 Germ.

341 1242 438 1306 38;
470 1242 631 1293 Mart.
664 1241 734 1303 V,
764 1237 863 1299 38,
896 1247 947 1288 et
975 1233 1043 1288 de
1065 1233 1243 1304 Spect.
1278 1229 1395 1295 111,
1424 1251 1485 1296 9;
1512 1231 1636 1284 Sen.
1671 1231 1773 1301 Ep.
1803 1236 1886 1292 24,
1921 1241 1973 1281 et
2003 1226 2072 1281 de
2097 1227 2220 1292 Ira,
2251 1228 2369 1291 Ill,
2400 1231 2484 1282 26.

342 1325 598 1380 Germani
622 1324 839 1392 longam
866 1317 1177 1372 nun-iebant
1208 1333 1417 1370 comam
1449 1331 1675 1384 eamque
1701 1331 1808 1365 non
1831 1310 2170 1382 crispabant,
2195 1322 2286 1362 aut
2311 1309 2486 1363 inure-

342 1403 822 1468 bantcalamistris,
844 1415 903 1455 nt
914 1403 1171 1473 Phryges,
1196 1397 1287 1452 sed
1309 1399 1363 1450 in
1386 1396 1590 1450 nodum
1608 1395 1900 1467 cogebant,
1922 1394 2036 1458 vel,
2059 1405 2120 1446 nt
2136 1405 2290 1464 poeta
2308 1405 2490 1446 noster

344 1492 480 1546 dicit
496 1530 512 1555 ,
538 1491 824 1559 torquebant
841 1505 1029 1538 cornua
1047 1485 1175 1534 cino
1192 1483 1422 1541 maeh'do,
1452 1477 1760 1543 madidata,
1787 1475 2108 1530 madefacto.
2135 1477 2266 1526 Cirri
2286 1478 2488 1526 Germa-

342 1595 509 1628 nomm
536 1582 898 1627 memorantur
928 1568 1088 1622 etiam
1116 1563 1345 1618 Tertull.
1383 1561 1450 1616 de
1479 1562 1778 1632 virginibus
1807 1558 2049 1614 velandis
2079 1577 2198 1630 cap.
2227 1577 2309 1621 10,
2335 1571 2387 1610 et
2413 1557 2490 1612 ita

344 1660 599 1714 dicuntur
626 1653 883 1718 cincinni,
919 1649 1099 1705 annuli
1138 1649 1433 1719 (Locken),
1464 1645 1646 1717 capilli
1683 1643 1873 1708 deflui,
1906 1641 2230 1716 dependuli,
2268 1639 2487 1704 diffusi,

344 1756 457 1796 tam
484 1742 541 1793 in
564 1739 787 1798 vertice,
807 1753 969 1807 quam
993 1745 1291 1786 retrosecus
1310 1728 1559 1792 collecti,
1585 1726 1858 1789 renodati,
1888 1726 2120 1796 religati.
2161 1724 2319 1778 conf.
2350 1726 2484 1778 Tac.

343 1830 447 1881 loc.
470 1823 618 1878 land.
641 1822 822 1892 ibique
843 1818 1013 1872 Gron.
1039 1847 1105 1858 --
1128 1823 1447 1882 Torquentem
1467 1814 1736 1874 caesariem,
1755 1809 1844 1864 cui
1864 1808 2021 1862 docte
2043 1808 2318 1874 tribuitur,
2335 1807 2485 1880 quod

344 1907 563 1983 proprie
588 1904 657 1959 ad
681 1905 857 1977 ipsum
880 1911 1086 1974 spectat
1109 1898 1453 1953 Germanum.

415 2127 553 2174 Vsa.
598 2123 712 2172 166.
754 2119 866 2180 Hic,
893 2133 977 2166 αα.
1008 2113 1139 2176 mis,
1180 2115 1263 2164 50.
1299 2137 1367 2148 -
1394 2111 1531 2157 Vnt.
1574 2109 1688 2168 167.
1727 2103 1956 2152 Volucres
1990 2101 2259 2155 Thracum,
2307 2099 2390 2148 15.
2417 2124 2489 2136 —-

344 2211 475 2257 Van.
509 2208 623 2270 169.
654 2203 835 2263 Tomis,
867 2201 945 2248 16.
973 2199 1191 2244 -an
1224 2210 1335 2257 170.
1360 2195 1473 2240 Hoec
1493 2230 1507 2254 ,
1533 2193 1614 2239 23.
1633 2217 1701 2228 —
1725 2191 1858 2236 Vnt.
1887 2203 2001 2249 ¹7¹·
2033 2183 2298 2249 Qteatiare,
2326 2198 2370 2242 ι,
2402 2191 2492 2244 14,

353 2310 432 2354 17,
458 2294 551 2351 64,
579 2305 659 2351 70,
690 2287 772 2349 75,
804 2288 893 2346 76,
925 2284 1009 2330 82.
1050 2283 1111 2345 Q!
1128 2290 1322 2326 uterere
1346 2275 1595 2324 Μαι-811311.
1634 2271 1884 2337 Quoties-e,
1923 2269 2143 2330 10—13,
2173 2268 2253 2330 15,
2283 2267 2368 2326 16,
2401 2267 2490 2326 18,
2581 2285 2596 2294 =

353 2393 445 2440 19,
480 2391 565 2434 οι,
606 2371 831 2430 23—27,
867 2365 1106 2428 45-50,
1138 2361 1373 2423 54—63,
1413 2356 1648 2419 65-69,
1690 2363 1894 2416 ’γι-74
1914 2389 1929 2414 ,
1968 2358 2051 2414 ³17,
2077 2351 2240 2398 minus
2265 2357 2486 2399 venuste.

352 2453 601 2520 ρηαεὶανὶε
620 2465 671 2501 et
694 2449 818 2510 illic,
844 2465 929 2507 πο,
960 2460 1042 2495 22.
1885 2435 1890 2439 ’

415 2555 549 2601 Vm.
592 2565 705 2610 172.
742 2547 859 2594 Vox
878 2556 1178 2608 quamquam
1201 2538 1264 2586 ab
1291 2535 1517 2584 hocloco
1541 2535 1686 2599 plane
1705 2533 1862 2580 aliena
1885 2529 2095 2587 videtur,
2117 2538 2167 2574 et
2187 2527 2274 2574 vix
2293 2525 2495 2587 dubito,

347 2637 470 2702 quin
495 2644 627 2682 totns
660 2632 744 2678 hic
770 2643 939 2674 versus
970 2624 1031 2672 ab
1063 2623 1265 2688 ingenio
1292 2619 1658 2684 interpolatoris
1680 2619 1927 2681 profectus
1954 2613 2032 2660 sit.
2077 2609 2288 2674 Quando
2323 2611 2494 2658 eadem

348 2718 545 2768 assidue
566 2721 850 2779 spectamur
859 2706 1045 2773 praelia
1068 2707 1198 2764 conj.
1217 2703 1398 2752 Jacobs
1418 2711 1685 2762 monetque
1701 2735 1714 2757 ,
1736 2697 1934 2762 quando
1955 2711 2059 2740 esse
2082 2710 2174 2755 pro
2191 2693 2496 2757 quandoqui-

347 2803 488 2860 dem,
514 2809 562 2847 et
577 2798 645 2845 sic
664 2793 993 2842 narrationem
1012 2783 1294 2844 terminari,
1323 2793 1378 2829 nt
1398 2799 1469 2828 vs.
1496 2782 1612 2829 166.
1636 2805 1706 2816 --
1721 2777 1933 2825 Assidue
1956 2789 2281 2840 quamquam,
2309 2775 2390 2834 16,
2414 2791 2492 2835 17·

347 2888 729 2952 -Spectantun
759 2891 836 2936 ιο,
865 2875 945 2933 15,
970 2873 1046 2930 16,
1082 2870 1163 2929 18,
1194 2883 1275 2930 19,
1302 2873 1538 2923 22—24,
1562 2863 1648 2918 45.

416 2993 558 3046 Nor.
579 2980 866 3056 167—173.
895 2975 1105 3031 Fabula
1128 2970 1195 3026 de
1216 2987 1387 3042 parva
1410 2974 1748 3038 Pygmaeorum
1773 2974 1974 3015 statura
1993 2977 2286 3032 eorumque
2310 2977 2496 3030 pugna

350 3093 473 3132 eum
487 3073 705 3142 gruibus,
724 3083 839 3137 quae
860 3062 1140 3132 ingruente
1161 3055 1337 3107 hieme
1364 3052 1423 3104 in
1446 3045 1734 3102 calidiores
1755 3046 1943 3118 plagas
1960 3045 2161 3097 abeunt
2174 3037 2246 3116 (ἢ.
2261 3043 2400 3096 Plin.
2423 3045 2497 3113 X,

354 3163 419 3217 23
440 3165 477 3227 ),
506 3152 784 3209 notissima
804 3160 881 3201 est
909 3158 962 3199 et
988 3161 1053 3196 ex
1079 3135 1405 3212 etymologia
1434 3133 1572 3185 forte
1599 3129 1780 3184 efficta
1807 3133 1972 3195 (nam
2003 3127 2177 3200 πυγμὴ
2208 3145 2300 3178 seu
2324 3129 2494 3200 πυγῶν

349 3249 534 3299 cubicus
556 3239 754 3294 dicitur
774 3247 827 3288 et
850 3231 1003 3303 πυγὸς
1019 3227 1173 3278 brevis
1192 3227 1233 3292 ),
1252 3219 1339 3275 vel
1356 3258 1369 3285 ‚
1386 3215 1572 3290 judice
1593 3213 1768 3268 Strab.
1794 3213 1958 3265 xxll
1973 3253 1989 3280 ‚
2012 3211 2160 3272 inde,
2196 3210 2344 3283 quod
2375 3229 2496 3264 001·-

352 3347 485 3404 pora
507 3341 713 3379 summo
732 3317 861 3372 solis
884 3327 937 3368 et
957 3311 1134 3365 calore
1155 3319 1207 3361 et
1236 3304 1435 3375 frigore
1451 3300 1648 3370 exigua
1671 3296 1808 3348 flunt
1829 3306 1881 3348 et
1905 3306 2150 3347 contorta
2172 3312 2185 3344 ε
2217 3295 2496 3364 Pygmoeos

349 3413 492 3468 enim
512 3406 718 3462 Plinius
737 3401 865 3466 vn,
888 3419 936 3464 2,
954 3397 1011 3450 in
1036 3391 1190 3446 ludia
1212 3393 1232 3460 (
1254 3401 1326 3441 at.
1354 3387 1452 3445 lv,
1487 3403 1506 3436 ῐ
1522 3403 1568 3448 x,
1587 3383 1643 3434 in
1661 3379 1956 3448 Thracia),
1980 3379 2265 3440 Homerus,
2281 3377 2424 3428 Mela
2442 3387 2499 3428 et

348 3495 543 3550 Strabo
562 3491 616 3543 in
630 3485 907 3556 AEthiopia
922 3474 1053 3545 ,aui
1074 3478 1128 3528 in
1146 3471 1367 3547 Scythia
1382 3478 1608 3542 ponunt.
1640 3463 1768 3518 vid.
1788 3465 2047 3534 Koeppen
2067 3459 2136 3512 ad
2150 3459 2306 3512 Hom.
2330 3458 2492 3513 Iliad.

352 3580 469 3642 111,
499 3577 667 3644 3—73
702 3567 871 3624 Hard.
904 3562 974 3616 ad
1008 3561 1148 3616 Plin.
1188 3558 1246 3608 ll.
1282 3557 1341 3608 ll.
1372 3566 1426 3607 et
1448 3550 1647 3622 Koenig
1670 3547 1740 3601 ad
1774 3543 2058 3598 Claudiam.
2087 3543 2214 3605 XV,
2247 3546 2350 3610 474
2381 3559 2492 3614 seq.

346 3664 487 3714 Nota
524 3657 653 3709 Ach.
677 3665 758 3706 est
782 3670 795 3703 ε
831 3677 853 3696 ι
874 3648 1077 3700 Forsan
1106 3643 1190 3695 hae
1225 3639 1421 3692 fabulae
1453 3635 1720 3689 debentur
1746 3628 2208 3703 peregrinatorum
2237 3643 2494 3696 qnorum-

350 3743 475 3798 dam
497 3733 892 3813 hyperbolicis,
912 3742 973 3784 ut
992 3747 1129 3799 soepe
1147 3739 1302 3790 sunt,
1322 3719 1723 3778 narrationibus
1738 3755 1754 3780 ,
1779 3713 1942 3786 quiin
1965 3709 2188 3784 Scythia
2203 3749 2218 3773 ‚
2241 3711 2496 3782 Laponiae

350 3825 679 3880 contermina
700 3861 715 3886 ‚
742 3820 872 3873 visis
907 3835 1017 3869 uno
1053 3813 1137 3868 vel
1164 3812 1373 3882 aliquot
1407 3825 1471 3861 ex
1506 3802 1840 3876 Laponibus,
1869 3816 1963 3852 eos
1995 3797 2170 3848 multo
2192 3795 2490 3861 breviores,

351 3930 509 3985 quam
536 3930 592 3962 re
632 3909 748 3981 ipsa
784 3914 987 3964 essent,
1023 3899 1374 3958 effinxerunt3
1411 3890 1537 3944 inde
1565 3898 1831 3942 crescente
1869 3884 2136 3937 similibus
2174 3882 2491 3935 testimoniis

348 3994 659 4056 mendacio,
684 4009 747 4043 ex
774 3998 1009 4060 quatuor
1031 3980 1263 4054 pedibus
1282 3979 1303 4046 (
1322 3990 1569 4028 mensura
1599 3971 1913 4041 L-pouum)
1942 3964 2014 4020 ed
2040 3965 2178 4019 dnos
2206 3977 2415 4018 tantum
2437 3977 2491 4018 et

348 4081 523 4134 minus
560 4079 777 4131 suerunt
815 4068 995 4124 adacti
1033 4062 1284 4139 Pygmaei.
1325 4059 1566 4114 Similem
1603 4052 1845 4107 fabulam
1873 4062 2057 4105 narrat
2095 4050 2316 4103 Prateus
2353 4059 2407 4102 et
2441 4051 2488 4097 Ie
