3050 4884
997 348 1349 417 SATIRA
1392 350 1940 425 UNDECIMA.
2420 366 2538 446 145

382 455 769 549 Figendurn
800 473 871 526 et
902 462 1191 529 memori
1222 466 1650 537 tractandum
1683 488 1990 565 pectore,
2025 476 2166 545 sive

384 564 805 661 Conjugium
846 592 1137 662 quaeras,
1171 569 1275 639 vel
1306 575 1479 643 sacri
1516 576 1586 644 in
1613 596 1804 671 parte
1831 585 2116 655 Senatus

384 672 551 741 Esse
580 674 743 743 velis
775 702 792 743 τ
832 700 964 746 nec
998 679 1181 747 enim
1216 678 1491 750 loricam
1527 689 1746 777 poscit
1779 692 2061 763 Aeh1llis
2478 714 2546 767 3ο

380 782 759 872 Thersites,
798 786 869 853 in
907 810 1043 881 qua
1078 813 1150 858 se
1186 792 1663 865 transducebat
1699 797 1946 870 Ulixes.

476 896 867 991 Ancipitem
908 920 1028 965 seu
1068 913 1142 966 tu
1179 924 1429 995 magno
1466 900 1854 977 discrimine
1885 936 2152 985 causam

382 1004 757 1101 Protegere
790 1006 1107 1093 affectaS,
1145 1024 1213 1078 te
1246 1011 1565 1099 consule3
1599 1014 1709 1084 dic
1741 1017 1892 1104 tibi,
1927 1024 2044 1115 qui
2078 1027 2202 1113 siS,

380 1116 635 1185 Orator
664 1119 1061 1207 vehemens,
1098 1145 1186 1189 an
1216 1124 1499 1192 Curtius
1539 1140 1609 1194 et
1643 1129 1884 1198 Matho
1915 1133 2167 1207 buccae.

375 1228 745 1297 Noseenda
774 1242 873 1297 est
908 1253 1223 1297 mensura
1256 1231 1352 1297 tui
1386 1232 1890 1328 spectandaque
1919 1242 2119 1313 rebus
2476 1266 2541 1319 35

378 1337 461 1403 In
494 1338 775 1405 summis
807 1336 1279 1431 minimisque,
1316 1338 1521 1407 etiam
1556 1366 1766 1433 quum
1799 1347 2000 1439 piscis
2031 1368 2316 1443 emetur,

379 1447 485 1514 Ne
510 1443 796 1513 mullum
825 1447 1087 1541 cupias,
1126 1472 1337 1541 quum
1370 1449 1457 1517 sit
1491 1450 1614 1519 tibi
1649 1455 1858 1546 gobio
1895 1473 2158 1531 tantum

377 1557 460 1623 In
492 1554 783 1625 loculis:
822 1557 971 1651 quis
1008 1559 1191 1626 enim
1230 1573 1332 1645 te,
1373 1558 1734 1631 deficiente
1770 1592 2090 1639 crumena

376 1667 467 1733 Et
502 1680 844 1735 crescente
885 1666 1075 1761 gula,
1108 1684 1337 1737 manet
1370 1671 1623 1759 exituS,
1661 1700 1792 1745 aere
1831 1694 2114 1770 paterno

374 1776 475 1843 Ac
514 1775 716 1845 rebus
746 1777 983 1845 mersis
1014 1777 1085 1845 in
1122 1793 1456 1868 ventrem,
1490 1780 1740 1854 feneris
1768 1802 1972 1883 atque
2175 1794 2184 1800 ’
2470 1820 2540 1876 4ο

374 1884 667 1978 Argenti
696 1887 919 1980 gravis
953 1901 1024 1953 et
1054 1912 1373 1980 pecorum
1412 1915 1867 1990 agrorumque
1901 1904 2264 1995 capacem?

375 1994 651 2064 Talibus
687 2020 729 2065 a
757 1995 1054 2065 dominis
1086 2012 1240 2091 post
1278 2014 1523 2069 cuncta
1561 2005 1965 2077 novissimus
2001 2013 2139 2081 exit

372 2104 721 2191 Annulus,
757 2120 825 2176 et
859 2104 1076 2200 digito
1110 2107 1451 2177 mendicat
1482 2111 1700 2183 Pollio
1739 2117 1946 2188 nudo·

372 2216 537 2284 Non
578 2215 969 2309 praematuri
1011 2216 1306 2302 cinereS,
1342 2243 1467 2288 nec
1505 2220 1712 2291 funus
1741 2229 2067 2297 acerbum
2457 2320 2464 2327 .

372 2326 731 2412 Luxuriae3
768 2326 884 2395 sed
917 2339 1137 2395 morte
1170 2328 1381 2421 magis
1415 2332 1782 2401 metuenda
1813 2356 2144 2411 senectus
2461 2361 2530 2424 45

372 2514 559 2587 gites,
598 2513 721 2571 sive
756 2514 818 2569 in
850 2524 1081 2570 senatus
1110 2515 1294 2570 sancti
1326 2527 1552 2589 partem
1589 2522 1854 2603 cooptari
1883 2526 2044 2585 velis.
2083 2528 2316 2603 Quippe
2347 2530 2531 2587 Ther·-

370 2605 509 2663 sites
528 2606 773 2663 Achillis
782 2606 1075 2663 demortui
1098 2626 1253 2664 arma
1272 2627 1393 2664 non
1408 2629 1582 2671 ausus.
1600 2622 1684 2667 est
1703 2632 1943 2687 poscere
1957 2658 1974 2687 ,
1993 2637 2108 2673 suae
2125 2618 2235 2675 sibi
2259 2618 2530 2679 videlicet

371 2698 617 2773 ignavia
634 2700 917 2769 conscius,
936 2699 1147 2773 quibus
1170 2701 1424 2759 ferendis
1441 2722 1517 2759 ne
1539 2704 1662 2778 ipse
1687 2703 1926 2779 quidem
1949 2711 2178 2787 Ulysses
2199 2730 2328 2786 par,
2345 2730 2528 2787 quum

370 2807 441 2845 ea
472 2788 665 2845 induit
684 2831 699 2859 ,
724 2789 983 2846 ludibrio
1009 2800 1098 2846 est
1116 2790 1367 2849 habitus.

452 2882 551 2937 32.
594 2882 685 2937 Ad
721 2881 877 2937 hunc
897 2881 1141 2937 modum
1162 2892 1229 2939 tu
1241 2924 1259 2949 ,
1279 2902 1459 2957 quum
1478 2884 1861 2958 periculosam
1878 2898 1936 2943 et
1958 2888 2195 2947 dubiam
2211 2892 2525 2952 defendere

368 2992 595 3029 eausam
618 2971 989 3029 meditaberis
1005 2972 1067 3027 in
1083 2972 1217 3029 foro
1234 3013 1252 3043 ‚
1276 2983 1401 3029 tuas
1426 2974 1580 3031 vires
1612 2979 1906 3051 expende;
1937 2989 2114 3037 temet
2133 2982 2256 3059 ipse
2273 2984 2518 3061 inspice;

369 3084 445 3119 an
464 3065 745 3137 eloquens
768 3062 1103 3138 peritusque
1125 3064 1202 3121 sis
1222 3074 1503 3139 patronus
1516 3108 1540 3135 „
1566 3085 1642 3123 an
1675 3070 1880 3127 Curtio
1907 3082 1968 3127 et
1993 3074 2290 3149 Mathoni,
2325 3077 2521 3135 buccis

366 3156 711 3230 loquacibus
731 3197 749 3225 ,
796 3155 1013 3213 similis.
1054 3158 1383 3213 Mensuram
1423 3161 1505 3215 tui
1548 3159 1800 3237 ingenii,
1845 3164 2129 3223 facultatis
2167 3172 2430 3243 attende,
2470 3172 2520 3229 si

369 3248 517 3323 quid
536 3248 769 3321 majoris
788 3246 1103 3303 minorisve
1130 3249 1353 3323 negotii
1377 3251 1676 3325 suscipias,
1700 3254 1869 3311 etiam
1898 3276 2080 3331 quum
2107 3260 2318 3332 piscem
2345 3284 2516 3335 emes,

368 3358 445 3397 ne
470 3341 717 3397 mullum
745 3350 1007 3414 appetas,
1040 3341 1277 3412 quando
1305 3342 1577 3416 gobionis
1606 3348 1860 3419 pretium
1885 3347 2166 3407 duntaxat
2193 3354 2429 3412 babebis
2453 3357 2518 3413 in

368 3452 662 3489 crumena.
693 3436 989 3502 Quorsum
1012 3431 1165 3487 enim
1183 3474 1200 3502 ,
1224 3452 1416 3508 quaeso
1432 3477 1449 3503 ,
1469 3437 1704 3509 evades,
1734 3459 1912 3513 quum
1931 3482 1947 3511 ,
1975 3444 2260 3501 exhaustis
2280 3448 2512 3521 opibus,

367 3526 678 3601 augebitur
713 3523 1025 3579 lautiorum
1067 3524 1280 3599 dapum
1327 3530 1695 3601 appetentia?
1751 3534 1948 3601 Quum
1993 3536 2410 3609 patrimonium
2457 3556 2518 3601 et

363 3622 633 3677 fortunas
664 3637 867 3675 omnes
888 3616 1202 3690 conjeceris
1224 3619 1287 3675 in
1316 3632 1477 3677 tuum
1497 3622 1818 3693 abdomen,
1841 3627 2002 3699 quod
2024 3627 2205 3685 instar
2222 3635 2514 3711 voraginis

366 3730 751 3781 usuras,vasa
772 3721 1069 3785 argentea,
1102 3730 1339 3787 greges,
1372 3712 1618 3783 fundos,
1651 3716 1925 3773 absorbet
1950 3738 2016 3775 ae
2040 3719 2318 3780 devorat?
2353 3729 2516 3801 Ejus-

366 3806 531 3863 modi
558 3806 859 3861 helluones
879 3845 895 3872 ,
944 3814 1075 3877 post
1108 3805 1303 3861 omnia
1341 3806 1495 3861 bona
1535 3820 1904 3882 consumpta,
1940 3826 2229 3887 coguntur
2261 3818 2514 3894 denique

366 3899 623 3955 vendere
646 3916 813 3953 suum
835 3897 1145 3965 annulum3
1172 3916 1360 3971 eoque
1388 3908 1614 3954 exutam
1645 3899 1828 3957 Pollio
1853 3922 2086 3963 manum
2111 3913 2412 3982 protendit
2437 3915 2516 3971 ad

368 3992 573 4066 stipem
608 3990 1051 4065 cori-ogandam.
1090 3990 1212 4045 lllis
1246 3991 1604 4066 ganeonibus
1642 4010 1760 4048 non
1793 4004 1908 4051 tam
1943 4018 2170 4071 praecox
2209 4014 2267 4059 et
2301 4005 2513 4061 intem-

368 4084 589 4159 pen-tiva
614 4100 807 4153 mors,
842 4098 1017 4157 quam
1043 4092 1305 4138 senectus
1330 4083 1451 4159 ipsa
1479 4094 1566 4139 est
1593 4084 2064 4159 pertimescenda.
2097 4094 2284 4151 Porro
2313 4098 2392 4159 ad
2409 4116 2515 4155 en-

542 4172 635 4261 ῌ.
2169 4207 2246 4248 10
