3050 4884
560 352 569 358 ·
690 405 1087 475 SATIRAE
1133 407 1771 476 DUODECIMAE
1816 411 2306 480 ANALYSIS.
2451 433 2574 501 199

855 809 1352 937 SATIRAE'
1393 845 2171 940 DUODECIMAE

1271 1035 1657 1096 ANALYSI
1670 1037 1731 1097 S.

497 1245 572 1303 In
611 1245 798 1322 prima
826 1267 1006 1326 eaque
1031 1251 1280 1310 maxima
1300 1252 1501 1310 Satirae
1523 1263 1687 1328 parte
1716 1251 1741 1330 (
1754 1271 1839 1310 vs.
1870 1249 2097 1328 1—92)
2118 1249 2409 1308 Iuvenalis
2427 1252 2579 1308 hanc

416 1361 670 1408 exornat
707 1353 931 1413 ideam:
966 1355 1206 1413 «Natali
1241 1355 1340 1415 die
1374 1355 1520 1414 mihi
1550 1354 1783 1414 dulcior
1810 1355 1932 1412 haec
1963 1356 2096 1428 lux,
2135 1374 2249 1431 qua
2282 1364 2421 1411 vota
2448 1353 2578 1412 Diis

415 1453 702 1514 solvenda
749 1466 886 1516 sunt
904 1499 925 1529 ,

743 1607 824 1658 Oh
846 1608 1060 1658 reditum
1079 1609 1372 1675 trepidantia
1389 1611 1555 1660 adhue
1574 1609 1923 1676 horrendaque
1946 1610 2081 1677 passi

741 1705 930 1771 Nuper,
955 1718 1005 1755 et
1027 1707 1325 1758 ineolumem
1346 1725 1454 1760 sese
1477 1709 1702 1758 mirantis
1724 1709 1886 1760 amici.
1901 1732 1924 1754 ι.

419 1855 570 1914 Inde
587 1857 793 1934 arripit
807 1861 1166 1920 occasionem
1188 1861 1553 1938 heredipetas
1571 1862 1765 1940 lepide
1791 1861 2245 1940 perstringendi,
2268 1858 2577 1938 93—-1303

741 2011 849 2061 Nec
865 2024 1088 2079 suspecta
1113 2014 1330 2064 tibi'sint
1349 2015 1478 2077 hoec,
1496 2015 1713 2066 Coi-vine
1732 2031 1743 2062 :
1767 2015 2009 2078 Catullus,

743 2101 846 2155 Pro
871 2110 1012 2170 cujus
1035 2110 1200 2158 reditu
1219 2119 1292 2160 tot
1311 2127 1450 2177 pono
1469 2112 1671 2173 altaria,
1691 2126 1874 2175 parvos

745 2206 868 2254 Tres
893 2205 1046 2254 habet
1061 2207 1286 2258 heredes.

427 2339 620 2398 Satira
661 2343 834 2420 plena
873 2357 960 2403 est
988 2346 1313 2406 festivitatis
1335 2356 1394 2406 et
1429 2346 1799 2406 facetiarum:
1844 2367 1963 2424 quo
1989 2345 2355 2421 potissimum
2384 2341 2577 2400 refero

427 2463 516 2501 vs.
542 2465 637 2518 11,
673 2449 782 2520 23,
805 2449 880 2507 33
903 2468 1022 2525 seq.
1047 2423 1168 2528 39,
1195 2458 1304 2522 44,
1330 2450 1404 2519 45
1423 2491 1440 2520 ,
1473 2450 1546 2522 57
1574 2469 1693 2524 seq.
1716 2451 2023 2524 95-ιο4,
2059 2467 2387 2520 111—127.
2410 2447 2583 2505 Prior

426 2547 550 2624 ejus
585 2569 718 2625 pars
747 2551 1118 2611 mollissimos
1147 2553 1623 2630 dulcissimosque
1651 2553 1913 2610 amicitiae
1944 2554 2160 2611 intimae
2178 2571 2375 2610 sensus
2401 2552 2583 2610 affec-

429 2663 640 2730 tusque
662 2655 844 2733 spirat
860 2655 1045 2734 (inpr.
1065 2677 1150 2716 vs.
1171 2677 1224 2729 1,
1249 2677 1322 2716 ro
1337 2677 1456 2735 seq.
1475 2669 1537 2715 et
1550 2657 1623 2715 83
1641 2675 1762 2732 seq.
1776 2657 1819 2735 ),
1850 2667 1909 2714 et
1924 2675 2128 2734 graves
2140 2656 2350 2731 passim
2368 2653 2389 2732 (
2402 2674 2483 2712 vs.
2507 2655 2582 2724 48

429 2778 550 2834 seq.
577 2757 650 2833 57
673 2779 790 2838 seq.
803 2773 869 2819 et
888 2761 1004 2842 al.)
1027 2763 1310 2821 immiscet
1325 2763 1657 2821 sententias.
1678 2763 1725 2820 F
1726 2741 1845 2820 esti
1857 2781 2093 2839 quoque
2114 2761 2232 2818 diei
2249 2759 2583 2836 descriptio,

430 2884 517 2922 vs.
543 2863 616 2922 83
645 2883 766 2942 seq.
795 2867 1083 2926 animatur
1111 2869 1230 2924 vita
1257 2878 1317 2926 et
1339 2871 1602 2942 actione,
1632 2879 1925 2943 tamquam
1946 2869 2011 2926 in
2036 2887 2205 2928 scena
2236 2877 2586 2944 peragantur

434 2971 646 3028 omnia.
677 2973 808 3048 Ipse
835 2972 1089 3050 denique
1123 2974 1396 3032 transitus
1425 2976 1504 3033 ad
1532 2976 1770 3033 alteram
1799 2973 2067 3032 carminis
2094 2983 2349 3052 partem,
2390 2991 2475 3029 vs.
2506 2971 2581 3046 93

433 3093 551 3152 seq.
575 3077 959 3154 lepidissimus
983 3079 1154 3137 simul
1177 3091 1236 3138 et
1256 3079 1750 3157 inopinatissimus
1772 3089 1875 3138 est.
1896 3111 1979 3124 ·-
1996 3078 2257 3137 Poetices
2274 3077 2585 3147 studiosos,

434 3190 504 3238 ut
544 3181 894 3261 intelligant,
923 3203 1094 3261 quam
1129 3184 1291 3244 varie
1320 3185 1478 3244 idem
1513 3197 1921 3265 argumentum
1951 3185 2185 3244 tractari
2218 3183 2431 3261 possit,
2464 3200 2587 3238 non

435 3286 770 3365 penitebit,
801 3289 1052 3365 primam
1087 3291 1260 3367 hujus
1307 3292 1509 3352 Satirae
1550 3303 1775 3369 partem
1812 3309 2170 3368 comparasse
2212 3307 2347 3346 cum
2378 3287 2585 3343 Horat.

438 3392 556 3451 Od.
590 3393 820 3469 36311‚
855 3415 924 3468 7,
955 3398 1069 3470 111,
1115 3403 1214 3470 14,
1253 3408 1316 3455 et
1352 3397 1561 3456 Catuli.
1599 3416 1775 3456 carm.
1812 3399 1937 3466 1x3
1965 3397 2205 3453 alteram
2233 3403 2428 3450 autem
2456 3409 2587 3448 cum

437 3502 680 3560 Luciani
711 3503 862 3561 Dial.
890 3505 1071 3562 Mort-
1105 3504 1328 3574 V-X‚
1359 3515 1418 3563 et
1441 3505 1597 3582 inpr.
1622 3523 1755 3564 eum
1780 3505 1984 3560 Horat.
2016 3502 2137 3558 Sat.
2172 3497 2205 3556 5
2222 3541 2241 3571 ,
2266 3499 2369 3556 lib.
2400 3501 2459 3558 11
2474 3540 2493 3568 ,
2524 3497 2589 3555 in

439 3626 554 3683 qua
582 3608 1050 3686 heredipetarum
1078 3619 1230 3667 artes
1262 3628 1295 3665 a
1320 3607 1543 3666 Tiresia
1572 3608 1769 3687 Ulyssi
1802 3616 2201 3684 exponuntur,
2225 3613 2283 3661 et
2310 3603 2587 3662 Horatius

436 3713 615 3790 longe
640 3723 872 3790 superat
899 3715 1238 3772 Iuvenalem
1271 3713 1603 3776 urbanitate
1634 3725 1693 3773 et
1722 3711 1939 3771 facetiis
1962 3713 2027 3768 in
2057 3711 2287 3768 delectu
2310 3719 2435 3767 tum
2464 3709 2586 3768 dis-

440 3817 746 3894 positionis
762 3837 828 3876 ac
844 3818 1045 3878 formae
1067 3817 1088 3896 (
1108 3838 1238 3895 qua
1253 3819 1318 3879 in
1333 3831 1533 3878 nostra
1549 3837 1787 3896 quoque
1804 3817 1992 3875 Satira
2018 3816 2335 3875 admodum
2354 3815 2591 3891 quidem

439 3935 684 3982 venusta
727 3937 814 3984 est
857 3937 918 3984 et
953 3926 1284 4004 ingeniosa,
1321 3925 1425 3984 sed
1463 3924 1657 3981 minus
1700 3934 1891 3979 tamen
1908 3962 1925 3992 ,
1969 3941 2142 3998 quam
2186 3919 2497 3981 dramatica
2533 3931 2594 3978 et

447 4022 706 4100 διαλογική
727 4067 743 4094 ,
785 4051 900 4108 qua
924 4031 1158 4091 Flaccus
1188 4042 1274 4089 est
1294 4030 1508 4108 usus),
1546 4040 1670 4087 tum
1704 4047 2087 4106 personarum
2114 4046 2429 4102 earumque
2461 4045 2593 4104 gra-

447 4133 810 4194 vissimarum
836 4177 856 4210 ,
913 4137 1124 4214 quibus
1180 4147 1391 4214 praeter
1440 4113 1677 4197 omnem
1738 4137 2225 4215 exspectationem
2284 4132 2475 4212 lepida
2536 4145 2597 4192 et
