3050 4884
819 384 928 451 IN
973 386 1432 451 SATIRAM
1477 388 1982 455 DECIMAM.
2356 390 2435 454 85

319 503 424 551 est.
455 510 556 547 nec
575 512 824 568 spernere
845 499 868 565 (
889 498 996 551 nisi
1012 500 1114 569 leg.
1145 500 1400 570 sperare)
1425 496 1665 563 modice,
1691 518 1791 553 nec
1816 500 2016 553 habere
2040 500 2241 562 seiunt;
2262 514 2317 553 et
2337 520 2447 553 non

313 574 478 627 ferme
519 575 712 631 desunt
741 579 944 633 irarum
974 579 1314 650 indulgentes
1345 578 1605 647 ministri,
1643 582 1737 653 qui
1766 581 1959 636 avidos
1990 587 2150 655 ‘atque
2186 584 2448 655 intempe-
2538 596 2553 611 ⁸

309 670 490 711 rantes
515 662 849 732 plebeiorum
875 664 1078 717 animos
1106 661 1180 717 ad
1198 664 1510 735 sanguinem
1536 676 1591 716 et
1622 663 1793 717 caedes
1826 666 2052 719 irritent.
2072 691 2094 713 ι-

381 754 526 807 Nor.
562 756 788 827 65—67.
831 759 962 811 Haec
1003 771 1130 811 sunt
1173 760 1336 813 verba
1379 758 1462 813 vel
1501 760 1722 831 populi,
1758 761 1982 814 Tiberio
2020 763 2339 833 gratulantis
2381 760 2451 814 de

314 852 569 905 oppresso
605 839 701 891 illo
727 841 962 893 hominis
987 853 1257 907 monstro,
1289 842 1374 894 vel
1404 860 1524 912 qum
1556 843 1737 911 plures
1772 860 1952 895 secum
1988 844 2372 915 colloquuntur
2396 856 2452 896 et

312 935 432 987 quae
449 920 674 993 quisque
698 924 800 975 sibi
825 922 960 977 dixit
975 964 989 987 ‚
1009 925 1282 977 exsultans
1305 924 1487 976 latitia
1509 922 1581 977 ad
1600 925 1835 996 primum
1852 926 2103 982 nuntium
2124 926 2193 979 de
2214 925 2359 979 cade
2383 945 2449 979 ac

311 1016 470 1069 poena
495 1003 671 1075 SeJani
697 1004 764 1059 ad
794 1026 849 1059 se
870 1008 1154 1078 perlatum.
1183 1006 1338 1059 Conf.
1369 1005 1531 1059 simil.
1559 1007 1663 1060 loc.
1687 1008 1769 1061 VI
1784 1009 2048 1079 ,¹47—52.
2070 1040 2141 1051 —
2164 1014 2296 1060 Pone
2317 1008 2453 1059 domi

313 1084 497 1144 tauros,
525 1086 651 1140 vide
676 1088 743 1141 ad
769 1091 850 1142 VI
866 1130 882 1153 ,
915 1089 1208 1142 51.·-Duc
1235 1092 1284 1140 in
1309 1091 1623 1157 Capitolia....
1642 1094 1833 1153 bovem,
1864 1092 2248 1144 nam‘maxima
2272 1090 2452 1145 hostia

315 1184 631 1242 summoque
651 1171 754 1226 deo
772 1172 1054 1226 mactanda
1074 1186 1152 1226 est
1175 1174 1232 1225 in
1252 1184 1402 1226 tanta
1420 1173 1607 1227 laetitia
1619 1211 1635 1236 ,
1658 1186 1769 1225 tam
1789 1174 2013 1245 publica
2031 1180 2191 1244 quam
2210 1174 2449 1245 privata,

316 1263 376 1304 ut
397 1252 458 1304 in
482 1255 771 1327 triumpho.
806 1257 979 1309 Vetus
1013 1256 1195 1309 Schol.
1229 1267 1440 1319 monet,
1473 1257 1506 1308 J
1509 1256 1751 1309 uvenalis
1774 1257 1940 1309 menti
1965 1258 2309 1322 obversatum
2339 1274 2451 1310 esse

319 1354 528 1389 versum
564 1340 834 1393 Lucretii:

679 1438 999 1498 Cretatumque
1017 1436 1188 1483 bovem
1209 1436 1315 1482 duci
1337 1436 1396 1483 ad
1418 1436 1645 1498 Capitolia
1668 1453 1848 1501 magna.

319 1546 388 1556 —
402 1516 508 1570 Hic
525 1537 708 1573 versus
719 1523 940 1572 Montio
957 1540 1057 1593 pro
1074 1524 1258 1573 Lucilio
1275 1540 1554 1593 perperam
1567 1562 1582 1584 ,
1596 1523 1668 1575 ob
1684 1522 1915 1575 nominis
1927 1522 2258 1577 vicinitatem
2269 1560 2285 1585 ,
2304 1533 2451 1575 tran·

318 1600 548 1670 soeiptus
573 1600 799 1655 videtur.
830 1602 992 1655 Conf.
1010 1609 1184 1655 Douza
1209 1604 1266 1657 in
1295 1605 1462 1657 Lucil.
1486 1606 1661 1676 Reliq.
1682 1622 1806 1677 pag.
1840 1604 1961 1672 139.
1990 1609 2143 1657 Doct.
2170 1606 2452 1662 Achaiam,

319 1682 376 1733 in
407 1684 548 1735 notis
576 1683 652 1736 ad
676 1685 1021 1750 Juvenalem,
1048 1688 1296 1741 Lucretio
1327 1688 1475 1741 hunc
1507 1686 1792 1749 adscribit3
1820 1686 1929 1740 sed·
1946 1687 2003 1740 in
2029 1686 2135 1740 fine
2156 1686 2454 1741 Satirarum

322 1764 520 1831 Persii,
545 1786 667 1820 eum
689 1768 829 1822 inter
855 1769 1052 1823 Lucilii
1075 1762 1376 1841 fragmenta
1391 1770 1555 1823 refert
1570 1811 1585 1835 ,
1610 1787 1737 1841 pag.
1761 1769 1883 1833 314.
1904 1768 2214 1822 En.-—Duci
2232 1769 2457 1822 verbum

321 1848 630 1919 proprium,
657 1864 766 1903 tam
789 1849 856 1904 de
872 1852 1136 1919 victimis,
1161 1872 1349 1926 quam,
1373 1866 1436 1907 ut
1457 1872 1583 1906 mox
1606 1872 1682 1907 vs.
1710 1856 1801 1917 66,
1822 1851 1891 1905 de
1908 1852 2102 1905 noxiis.
2128 1860 2144 1885 ¹
2169 1845 2458 1921 ἐμφατικῶς

319 1930 405 1984 bis
428 1932 536 1985 boc
557 1934 678 1987 loco
703 1936 1020 2006 poniturae—
1045 1940 1320 2003 Capitolia,
1351 1936 1479 1990 vide
1499 1935 1572 1989 ad
1600 1936 1755 1998 XIV,
1780 1954 1868 2005 91.
1893 1938 2159 1999 Cretatam,
2180 1954 2289 1987 non
2315 1946 2459 1987 meta

319 2016 676 2069 immolationi
701 2016 1037 2089 designatum
1057 2020 1080 2089 (
1093 2019 1242 2092 quod
1267 2020 1497 2092 putabat
1519 2020 1768 2073 Saubert.
1800 2016 1871 2071 de
1892 2016 2199 2079 Sacrificiis,
2223 2036 2342 2087 cap.
2375 2017 2458 2079 18,

319 2116 444 2171 pag.
475 2108 578 2171 427
607 2120 716 2173 seq.
739 2102 875 2171 )sed
902 2104 1146 2165 niveum,
1183 2102 1418 2157 candore
1459 2102 1690 2155 similem
1714 2113 1904 2164 creto,
1940 2085 2115 2173 qualis
2141 2100 2321 2152 hostia
2357 2097 2464 2151 diis

323 2181 557 2253 superis,
589 2187 725 2254 inpr.
741 2184 980 2235 Meridie
963 2204 1008 2234 ns
1043 2204 1106 2233 aa
1133 2186 1292 2245 Iovi,
1324 2197 1378 2238 et
1415 2185 1468 2237 in
1504 2194 1703 2255 magna
1733 2182 1949 2247 lotitia,
1976 2182 2201 2236 mactari
2232 2182 2459 2235 solebat.

324 2264 484 2318 Conf.
503 2265 658 2336 Virg.
679 2270 800 2319 AEn.
827 2266 938 2328 lx,
965 2268 1089 2335 627,
1111 2263 1246 2329 6283
1269 2268 1432 2317 Ovid.
1454 2280 1519 2315 ex
1546 2270 1738 2327 Ponto,
1765 2267 1867 2327 IV,
1898 2282 1951 2332 9,
1978 2266 2047 2319 ⁵0
2072 2266 2143 2320 al.
2164 2268 2309 2319 Nota
2328 2266 2458 2319 Ach.

323 2358 404 2401 est
421 2365 436 2399 ε
452 2372 476 2393 ε
496 2350 714 2399 creturus
743 2346 943 2401 dicitur
966 2348 1150 2419 potius
1176 2346 1280 2398 bos
1299 2346 1416 2409 ille,
1437 2346 1566 2417 quia
1579 2384 1595 2409 ,
1614 2348 1783 2416 isuum
1808 2366 1945 2419 soepe
1965 2350 2095 2401 satis
2118 2350 2275 2403 albos
2297 2350 2464 2401 boves

327 2450 437 2484 non
449 2431 776 2497 invenirent,
789 2434 1031 2485 maculas
1047 2449 1234 2484 eorum
1253 2442 1398 2483 creta
1415 2428 1829 2482 dissimulabant
1844 2448 1860 2493 ς
1874 2429 2020 2481 unde
2032 2430 2245 2484 Persius
2259 2432 2327 2493 V,
2347 2447 2463 2500 177,

325 2528 558 2567 amaeam
584 2518 896 2567 arnbieionem
922 2514 1292 2587 metaphorice
1316 2511 1468 2566 dixit.
1483 2538 1505 2560 ι
1527 2544 1599 2555 -
1630 2518 1761 2563 Uneo
1777 2550 1796 2573 ,
1818 2516 1878 2563 in
1900 2512 2101 2565 collum
2119 2513 2205 2566 vel
2227 2526 2467 2568 mentum

325 2596 461 2661 fixo,
489 2596 783 2669 perduelles
802 2595 1042 2649 damnati
1066 2594 1136 2648 ad
1162 2596 1336 2648 scalas
1363 2592 1653 2647 Gemonias
1672 2592 2061 2649 trahebantur:
2083 2591 2229 2663 quod
2256 2596 2465 2667 suppli·

325 2679 469 2733 cium
496 2681 626 2733 satis
651 2690 840 2732 notum
865 2690 959 2731 est.
987 2679 1076 2731 Sic
1100 2695 1316 2749 quoque
1339 2678 1595 2749 Sejanum
1617 2694 1648 2728 ο
1673 2674 1831 2728 scalis
1866 2675 1973 2727 illis
1994 2676 2387 2746 precipitatum
2414 2691 2469 2731 et

325 2761 512 2817 triduo
547 2773 672 2833 post
705 2762 762 2813 in
791 2760 1035 2814 Tiberim
1064 2762 1366 2832 projectum
1397 2778 1537 2819 esse,
1574 2755 1742 2809 tradit
1774 2757 1911 2820 Dio,
1946 2757 2163 2821 LVIII,
2214 2774 2293 2808 ιι.
2331 2759 2467 2823 Quae

327 2844 554 2899 Tacitus
572 2840 639 2894 de
657 2844 773 2914 ejus
789 2852 962 2893 morte
980 2858 1044 2893 ac
1061 2859 1214 2912 poena
1225 2842 1494 2894 memorius
1505 2836 1827 2912 prodiderat
1839 2876 1855 2900 ,
1877 2836 2211 2892 intercidere.
2236 2868 2305 2878 —
2326 2845 2469 2907 Spec-

329 2928 524 2987 tandus,
556 2922 864 2997 spectaculo
889 2921 1103 2975 futurus
1140 2941 1206 2976 ac
1236 2922 1494 2975 ludibrio.

401 3073 539 3121 Vau-
576 3073 660 3133 67.
695 3062 982 3136 Herba‘pro
1009 3070 1186 3129 labra,
1221 3072 1303 3120 ιδ.

403 3165 542 3217 Nor.
583 3166 808 3237 67—70.
845 3164 1028 3217 Verba
1051 3162 1243 3235 populi
1259 3160 1535 3215 redeuntis
1557 3160 1629 3214 ab
1647 3160 1756 3214 hoc
1778 3163 2089 3233 spectaculo
2103 3200 2119 3225 ,
2141 3172 2193 3214 et
2220 3162 2470 3234 Sejanum

332 3247 670 3311 insectantis,
693 3261 943 3303 non.tam
967 3266 1032 3302 ex
1059 3266 1190 3302 vero
1225 3244 1383 3313 odio,
1412 3263 1576 3319 quam
1607 3258 1669 3298 ut
1700 3244 2061 3316 suspicionem
2092 3244 2471 3299 familiaritatis

333 3349 461 3385 cum
484 3350 549 3384 eo
575 3345 860 3386 contracto
885 3350 917 3385 a
941 3350 995 3385 se
1016 3330 1307 3394 dimoveat,
1336 3341 1390 3383 et
1407 3328 1612 3383 Tiberii
1636 3328 1770 3382 vitet
1792 3327 2035 3382 insidias.
2058 3354 2128 3369 -—
2149 3333 2271 3395 Qua·
2290 3330 2435 3380 Ζώνη
2447 3366 2465 3390 ,

336 3432 500 3487 quam
523 3414 748 3469 distorta
769 3434 838 3470 ac
855 3414 1188 3470 deformata?
1205 3448 1274 3458 —
1287 3416 1407 3484 Quis
1427 3418 1598 3466 vultus
1612 3452 1629 3475 ,
1654 3431 1817 3485 qnam
1834 3430 2003 3467 saevus
2024 3430 2089 3465 ac
2110 3410 2471 3466 dilaceratus?

335 3498 576 3551 -Hunc
589 3501 769 3552 locum
791 3499 866 3553 ita
885 3498 1136 3571 intelligit
1157 3499 1297 3553 inter
1321 3498 1456 3551 alios
1474 3497 1778 3568 complures
1798 3498 2088 3559 Achaiam,
2111 3496 2267 3565 cujus
2284 3506 2471 3548 notam

335 3582 690 3635 transcribere
714 3582 948 3654 pretium
965 3600 1142 3655 opero
1161 3581 1376 3636 videtur
1391 3578 1609 3634 παῦσαί.
1632 3579 1752 3631 haec
1768 3577 1933 3632 verba
1952 3597 2077 3632 cum
2095 3577 2258 3632 variis
2280 3579 2475 3653 populi

338 3690 362 3711 ε
382 3664 612 3717 Parisini
635 3663 952 3736 colloquiis,
976 3682 1204 3739 cumque
1227 3662 1536 3717 maledictis
1557 3675 1611 3716 et
1636 3661 2149 3715 subsannationibus
2174 3660 2369 3733 quibus
2390 3663 2473 3715 la·

336 3771 360 3792 ι
381 3747 617 3800 cessebat
637 3745 946 3801 damnatum
971 3747 1134 3801 istum
1159 3759 1320 3819 atque
1343 3744 1414 3799 ad
1441 3747 1769 3819 supplicium
1802 3758 2033 3800 tractum
2062 3749 2470 3799 Maximinorum

339 3855 362 3879 ι
381 3832 725 3899 Robespiem,
761 3850 919 3904 quem
953 3830 1094 3887 idem
1117 3831 1377 3905 populus,
1406 3850 1609 3904 paucos
1642 3842 1763 3885 ante
1791 3828 1903 3884 dies
1924 3868 1939 3895 ,
1978 3828 2048 3883 ad
2086 3831 2271 3885 calum
2306 3850 2476 3905 prope

1175 3988 1627 4010 mmm-m

425 4116 442 4142 ¹
483 4108 614 4157 Vide
639 4111 810 4160 Heins-
836 4112 898 4161 ad
926 4110 1074 4160 ovid.
1095 4110 1218 4160 Met.
1247 4110 1368 4169 XV,
1390 4116 1504 4163 ΠΙ..
