3050 4884
406 331 533 396 318
960 329 1043 392 D.
1089 327 1364 392 JUNII
1408 328 1982 396 JUVENALIS

403 445 521 520 Nil
553 445 737 516 color
771 446 885 516 hic
917 442 1096 531 caeli,
1132 442 1227 512 nil
1261 443 1465 514 fascia
1490 445 1684 539 nigra
1711 448 2045 534 minatur3

406 559 739 628 AEstivum
771 569 983 624 tonat.
1002 583 1036 620 n
1068 550 1312 622 Infelix
1347 553 1473 622 hac
1510 551 1796 624 forsitan
1831 556 1976 650 ipsa
2455 571 2554 641 295

406 672 629 740 Nocte
656 665 851 736 cadet
873 664 1103 736 fractis
1126 663 1462 751 trabibus,
1492 661 1842 759 fluctuque
1868 680 2216 759 premetur

402 779 737 864 Obrutus,
767 790 835 845 et
864 798 1107 842 zonam
1133 771 1293 844 laeva
1322 797 1690 866 morsuque
1716 776 1998 847 tenebit.

406 889 542 962 Sed
573 891 763 983 cujus
789 886 963 958 votis
994 883 1198 954 modo
1226 907 1368 954 non
1396 882 1760 955 suffecerat
1787 910 2030 957 aurum
2047 941 2067 974 ‚

406 1000 611 1091 Quod
642 1001 863 1094 Tagus
900 1011 971 1068 et
1008 994 1210 1066 rutila
1238 994 1455 1066 volvit
1481 995 1796 1068 Pactolus
1825 1021 2064 1087 arena,

411 1111 679 1206 Frigida
704 1107 1043 1180 sufficient
1064 1105 1364 1178 velantes
1390 1107 1674 1202 inguina
1699 1107 1940 1201 panni,
2454 1127 2559 1179 300

409 1223 837 1316 Exiguusque
872 1216 1061 1288 cibus
1076 1269 1096 1304 ‚
1130 1241 1349 1290 mersa
1372 1230 1517 1286 rate
1545 1215 1912 1311 naufragus
1932 1241 2144 1287 assem

412 1333 595 1402 Dum
620 1343 847 1424 rogat,
886 1340 957 1395 et
991 1329 1173 1421 picta
1196 1352 1269 1398 se
1296 1340 1694 1421 tempestate
1723 1339 1976 1398 tuetur.

510 1439 743 1508 Tantis
776 1450 971 1532 parta
998 1435 1193 1508 malis
1212 1489 1233 1524 ,
1262 1461 1429 1508 cura
1453 1437 1728 1531 majore
1739 1451 2060 1530 metuque

412 1552 775 1620 Servantur
802 1572 818 1616 ε
848 1548 1092 1618 misera
1114 1562 1217 1617 est
1240 1549 1471 1643 magni
1502 1546 1808 1618 custodia
1838 1571 2099 1617 census.
2627 1609 2634 1614 ,

414 1661 769 1756 Dispositis
796 1657 1125 1753 praedives
1148 1659 1364 1730 hamis
1388 1657 1670 1755 vigilare
1693 1659 2047 1730 eohortem
2463 1674 2562 1727 305

414 1776 781 1842 Servorum
810 1783 1019 1840 noctu
1052 1769 1333 1840 Licinus
1361 1769 1592 1864 jubet,
1629 1771 1956 1841 attonitus
1993 1796 2119 1865 pro

414 1881 718 1966 Electro‚
752 1879 1095 1975 signisque
1118 1879 1289 1967 suis,
1322 1879 1756 1974 Phrygiaque
1785 1878 2129 1969 columna,

414 1995 638 2085 Atque
671 1990 905 2077 ebore,
933 2005 1001 2060 et
1026 1988 1160 2060 lata
1180 1988 1519 2060 testudine
1549 2013 1566 2060 ε
1596 1989 1780 2060 dolia
1819 1992 1988 2062 nudi

420 2105 583 2172 Non
608 2100 847 2170 ardent
870 2101 1117 2195 Cynici
1144 2125 1161 2168 ε
1194 2098 1251 2170 si
1278 2098 1584 2194 fregeris,
1617 2098 1828 2170 altera
1858 2101 1978 2171 fiet

422 2215 590 2283 Cras
607 2210 871 2297 domm,
896 2223 1019 2281 aut
1042 2209 1280 2280 eadem
1306 2208 1588 2304 plumbo
1619 2211 1976 2281 commissa
1997 2210 2318 2280 manebit.
2470 2225 2571 2277 310

423 2457 694 2520 territent
719 2476 737 2513 ε
764 2454 885 2513 haec
914 2455 1175 2531 fulgura,
1210 2455 1334 2512 haec
1361 2455 1622 2518 tonitrua
1655 2475 1730 2512 ex
1759 2475 1966 2515 eorum
1995 2473 2210 2533 genere
2241 2463 2378 2512 sunt
2392 2496 2413 2527 ,
2447 2473 2575 2530 quae

422 2554 584 2612 calor
598 2548 827 2606 estivus
848 2547 1091 2624 gignere
1106 2548 1288 2618 solet,
1312 2545 1556 2610 minime
1579 2547 1925 2622 ceteroquin
1948 2549 2272 2623 periculosa
2293 2558 2354 2604 et
2381 2548 2578 2608 noxia.

422 2648 646 2704 Forsan
670 2651 861 2698 tamen
880 2640 983 2696 ina
1004 2639 1127 2714 ipsa
1144 2649 1317 2696 nocte
1338 2639 1515 2698 miser
1536 2639 1804 2701 trabibus
1821 2640 2042 2719 navigii
2063 2639 2258 2698 fractis
2275 2641 2578 2716 naufragio

424 2737 577 2794 facto
598 2775 617 2807 ,
655 2730 829 2790 undis
867 2730 1182 2805 jactabitur
1198 2770 1219 2802 ,
1263 2730 1634 2806 opprimetur
1649 2771 1668 2802 ‚
1707 2750 2042 2792 crumenam
2082 2731 2348 2790 manibus
2389 2731 2583 2789 denti-

424 2830 650 2902 busque
680 2823 1157 2899 comprehensam
1182 2833 1400 2880 tenens.
1433 2827 1513 2880 At
1543 2825 1706 2900 cujus
1739 2825 1992 2887 avaritiae
2020 2835 2080 2883 et
2117 2825 2420 2901 cupiditati
2449 2824 2583 2884 satis

425 2940 551 2980 non
574 2919 764 2983 fuerat
788 2934 997 2980 aurum
1018 2933 1191 2972 omne
1210 2915 1375 2988 quod
1392 2917 1587 2992 Tagus
1599 2957 1616 2984 ‚
1643 2917 1810 2992 qnod
1831 2917 2100 2974 Pactolus
2119 2929 2314 2976 versat
2336 2919 2401 2976 in
2421 2917 2583 2975 flavis

426 3013 617 3072 arenis
632 3053 651 3082 ‚
678 3009 775 3068 hic
800 3007 908 3064 vili
928 3017 1175 3065 centone
1196 3007 1274 3064 ad
1298 3007 1550 3084 tegenda
1571 3009 1814 3086 inguina
1831 3009 1948 3066 uda
1967 3020 2032 3067 et
2047 3009 2260 3086 frigida
2280 3021 2584 3068 contentus

430 3106 545 3167 erit
558 3143 577 3175 ,
614 3122 683 3162 ac
712 3099 949 3160 modico
984 3099 1119 3156 cibo
1132 3139 1150 3168 ,
1188 3097 1333 3160 dum
1359 3099 1462 3158 vix
1498 3120 1755 3160 emersus
1787 3101 1940 3160 mari
1971 3105 2311 3180 coi-rogabit
2344 3105 2550 3180 stipem
2563 3143 2582 3172 ,

432 3211 521 3270 et,
557 3205 841 3254 >ostentata
881 3189 1171 3269 naufragii
1206 3191 1299 3254 sui
1326 3191 1556 3268 depicta
1589 3195 1842 3272 imagine
1879 3215 1942 3254 se
1975 3195 2252 3256 adversus
2274 3207 2584 3272 pauperta-

434 3303 554 3352 tem
577 3287 858 3348 tuebitur.

516 3383 655 3446 303.
694 3384 886 3440 Porro
908 3375 1127 3436 divitia
1142 3386 1235 3433 tot
1248 3377 1521 3437 aerumnis
1541 3396 1608 3436 ac
1630 3377 1934 3437 laboribus
1959 3380 2227 3454 quaesitae,
2245 3377 2456 3454 majori
2469 3379 2590 3438 sol-

434 3473 739 3536 licitudine
762 3491 832 3531 ac
850 3482 1017 3534 metu
1033 3469 1379 3528 retinentur.
1403 3469 1621 3530 Misera
1638 3480 1726 3530 est
1745 3471 2010 3534 conditio
2031 3461 2340 3548 cujuslibet
2355 3491 2588 3550 magnas

436 3588 579 3645 opes
594 3585 828 3626 servare
846 3561 1170 3642 satagentis.
1196 3561 1431 3622 licinus
1446 3563 1513 3623 in
1528 3565 1703 3622 certis
1713 3564 1927 3624 aedium
1945 3585 2182 3626 suarum
2204 3567 2348 3626 locis
2367 3578 2593 3642 pax-atas

438 3662 616 3720 habet
630 3661 695 3716 in
718 3658 867 3718 vasis
884 3675 1060 3734 aquas
1084 3675 1099 3710 ε
1124 3665 1407 3732 praeterea
1432 3659 1764 3732 complures
1788 3676 1988 3718 servos
2011 3671 2359 3734 pernoctare
2389 3659 2594 3737 vigiles

440 3756 505 3812 in
536 3751 793 3811 excubiis
816 3751 985 3826 jubet
999 3791 1017 3821 ,
1053 3759 1315 3808 metuens
1345 3767 1422 3809 ne
1442 3768 1578 3806 vasa
1600 3749 1854 3826 pretiosa
1871 3769 1950 3808 ex
1973 3753 2218 3823 electro,
2251 3761 2448 3810 statuae
2475 3753 2596 3810 ele-

442 3859 671 3928 gentes,
704 3847 987 3904 columne
1022 3863 1055 3900 e
1077 3861 1371 3902 marmore
1396 3843 1688 3922 Phrygio,
1719 3844 1974 3905 ebumea
1993 3857 2365 3916 ornamenta,
2383 3865 2596 3904 mensae

444 3938 799 4000 testudinum
824 3935 1221 4012 putaminibus
1248 3946 1536 3994 contextae
1549 3978 1567 4007 ,
1603 3937 1764 3995 furto
1795 3938 2129 4013 rapiantur,
2159 3950 2261 3995 aut
2285 3940 2597 3996 absuman-

446 4048 543 4092 tur
581 4030 871 4090 incendio.
910 4027 1189 4105 Diogenis
1220 4027 1445 4088 dolium
1472 4028 1612 4106 igne
1641 4030 1906 4088 consumi
1935 4029 2170 4106 nequit3
2213 4030 2264 4087 si
2304 4049 2426 4105 quo
2466 4029 2598 4090 casu

444 4128 775 4205 frangatur,
825 4140 949 4180 cras
980 4121 1105 4198 ipse
1149 4123 1397 4182 altanum
1431 4121 1654 4182 dolium
1667 4164 1686 4194 ,
1721 4123 1934 4182 alteras
1969 4123 2118 4183 ades
2157 4121 2418 4181 inveniet
2437 4165 2456 4191 ,
2499 4133 2604 4180 aut
