<?xml version="1.0" encoding="UTF-8"?>
<!DOCTYPE html PUBLIC "-//W3C//DTD XHTML 1.0 Transitional//EN"
    "http://www.w3.org/TR/xhtml1/DTD/xhtml1-transitional.dtd">
<html xmlns="http://www.w3.org/1999/xhtml" xml:lang="en" lang="en">
 <head>
  <title>
</title>
<meta http-equiv="Content-Type" content="text/html;charset=utf-8" />
  <meta name='ocr-system' content='tesseract 3.04.00' />
  <meta name='ocr-capabilities' content='ocr_page ocr_carea ocr_par ocr_line ocrx_word'/>
</head>
<body>
  <div class='ocr_page' id='page_1' title='image "./djuniijuvenalis00jouvgoog/djuniijuvenalis00jouvgoog_0103.png"; bbox 0 0 3050 4884; ppageno 0'>
   <div class='ocr_carea' id='block_1_1' title="bbox 626 376 2449 461">
    <p class='ocr_par' dir='ltr' id='par_1_1' title="bbox 626 376 2449 461">
     <span class='ocr_line' id='line_1_1' title="bbox 626 376 2449 461; baseline 0.003 -20"><span class='ocrx_word' id='word_1_1' title='bbox 626 376 715 461; x_wconf 85' lang='lat'><strong>96</strong></span> <span class='ocrx_word' id='word_1_2' title='bbox 946 379 1287 445; x_wconf 80' lang='lat' dir='ltr'><strong>VARIAE</strong></span> <span class='ocrx_word' id='word_1_3' title='bbox 1332 378 1924 445; x_wconf 76' lang='lat' dir='ltr'><strong>LEc&#39;moNEs</strong></span> <span class='ocrx_word' id='word_1_4' title='bbox 1971 376 2096 443; x_wconf 82' lang='lat' dir='ltr'><strong>ET</strong></span> <span class='ocrx_word' id='word_1_5' title='bbox 2143 376 2449 447; x_wconf 84' lang='lat' dir='ltr'><strong>NOTAE</strong></span> 
     </span>
    </p>
   </div>
   <div class='ocr_carea' id='block_1_2' title="bbox 622 492 2772 887">
    <p class='ocr_par' dir='ltr' id='par_1_2' title="bbox 622 492 2760 641">
     <span class='ocr_line' id='line_1_2' title="bbox 624 492 2760 559; baseline 0.004 -19"><span class='ocrx_word' id='word_1_6' title='bbox 624 492 847 541; x_wconf 79' lang='lat' dir='ltr'><strong>hocloco</strong></span> <span class='ocrx_word' id='word_1_7' title='bbox 864 493 1110 558; x_wconf 77' lang='lat' dir='ltr'><strong>ingratum</strong></span> <span class='ocrx_word' id='word_1_8' title='bbox 1127 505 1225 551; x_wconf 88' lang='lat' dir='ltr'><strong>est,</strong></span> <span class='ocrx_word' id='word_1_9' title='bbox 1249 496 1438 545; x_wconf 83' lang='lat' dir='ltr'><strong>restitui</strong></span> <span class='ocrx_word' id='word_1_10' title='bbox 1455 511 1519 543; x_wconf 73' lang='lat' dir='ltr'><strong>ex</strong></span> <span class='ocrx_word' id='word_1_11' title='bbox 1544 511 1604 543; x_wconf 83' lang='lat' dir='ltr'><strong>ro</strong></span> <span class='ocrx_word' id='word_1_12' title='bbox 1619 530 1636 553; x_wconf 91' lang='lat'><strong>,</strong></span> <span class='ocrx_word' id='word_1_13' title='bbox 1664 502 1862 553; x_wconf 60' lang='grc' dir='ltr'><strong>ιιι-α’]</strong></span> <span class='ocrx_word' id='word_1_14' title='bbox 1878 527 1895 554; x_wconf 86' lang='grc'><em>,</em></span> <span class='ocrx_word' id='word_1_15' title='bbox 1922 492 2147 552; x_wconf 72' lang='grc'><strong>45-50,</strong></span> <span class='ocrx_word' id='word_1_16' title='bbox 2170 495 2375 551; x_wconf 76' lang='grc'>54-63</span> <span class='ocrx_word' id='word_1_17' title='bbox 2392 530 2408 555; x_wconf 87' lang='grc'><em>,</em></span> <span class='ocrx_word' id='word_1_18' title='bbox 2431 498 2644 559; x_wconf 77' lang='lat'><strong>65—69</strong></span> <span class='ocrx_word' id='word_1_19' title='bbox 2659 532 2674 557; x_wconf 87' lang='lat'><strong>,</strong></span> <span class='ocrx_word' id='word_1_20' title='bbox 2699 512 2760 557; x_wconf 77' lang='grc' dir='ltr'><strong>’μ</strong></span> 
     </span>
     <span class='ocr_line' id='line_1_3' title="bbox 622 575 2062 641; baseline 0 -18"><span class='ocrx_word' id='word_1_21' title='bbox 622 576 759 637; x_wconf 82' lang='lat'><strong>——73</strong></span> <span class='ocrx_word' id='word_1_22' title='bbox 776 610 791 635; x_wconf 93' lang='lat'>‚</span> <span class='ocrx_word' id='word_1_23' title='bbox 816 586 867 624; x_wconf 79' lang='lat' dir='ltr'><strong>ot</strong></span> <span class='ocrx_word' id='word_1_24' title='bbox 884 576 1131 641; x_wconf 79' lang='lat' dir='ltr'><strong>plerisque</strong></span> <span class='ocrx_word' id='word_1_25' title='bbox 1154 578 1289 626; x_wconf 73' lang='lat' dir='ltr'><strong>MSS.</strong></span> <span class='ocrx_word' id='word_1_26' title='bbox 1314 579 1463 625; x_wconf 81' lang='lat' dir='ltr'><strong>Paris.</strong></span> <span class='ocrx_word' id='word_1_27' title='bbox 1484 604 1556 615; x_wconf 88' lang='lat'><strong>--</strong></span> <span class='ocrx_word' id='word_1_28' title='bbox 1577 579 1654 623; x_wconf 83' lang='lat' dir='ltr'><strong>Ac</strong></span> <span class='ocrx_word' id='word_1_29' title='bbox 1675 575 1950 639; x_wconf 59' lang='lat' dir='ltr'><strong>charonis,</strong></span> <span class='ocrx_word' id='word_1_30' title='bbox 1981 592 2062 639; x_wconf 78' lang='lat'><strong>¹9·</strong></span> 
     </span>
    </p>

    <p class='ocr_par' dir='ltr' id='par_1_3' title="bbox 624 666 2772 887">
     <span class='ocr_line' id='line_1_4' title="bbox 699 666 2772 741; baseline 0.003 -26"><span class='ocrx_word' id='word_1_31' title='bbox 699 666 878 719; x_wconf 66' lang='lat' dir='ltr'><strong>Anu..</strong></span> <span class='ocrx_word' id='word_1_32' title='bbox 920 685 941 715; x_wconf 77' lang='grc' dir='ltr'>ι</span> <span class='ocrx_word' id='word_1_33' title='bbox 956 666 1213 728; x_wconf 71' lang='lat'>14—132.</span> <span class='ocrx_word' id='word_1_34' title='bbox 1250 668 1355 720; x_wconf 81' lang='lat' dir='ltr'><strong>Alii</strong></span> <span class='ocrx_word' id='word_1_35' title='bbox 1382 667 1521 720; x_wconf 82' lang='lat' dir='ltr'><strong>votis</strong></span> <span class='ocrx_word' id='word_1_36' title='bbox 1546 684 1810 736; x_wconf 79' lang='lat' dir='ltr'><strong>summam</strong></span> <span class='ocrx_word' id='word_1_37' title='bbox 1827 678 2084 737; x_wconf 83' lang='lat' dir='ltr'><strong>expetunt</strong></span> <span class='ocrx_word' id='word_1_38' title='bbox 2099 666 2488 737; x_wconf 82' lang='lat' dir='ltr'><strong>eloquentiam,</strong></span> <span class='ocrx_word' id='word_1_39' title='bbox 2509 687 2627 739; x_wconf 66' lang='lat' dir='ltr'><strong>que</strong></span> <span class='ocrx_word' id='word_1_40' title='bbox 2643 688 2772 741; x_wconf 88' lang='lat' dir='ltr'><strong>per·</strong></span> 
     </span>
     <span class='ocr_line' id='line_1_5' title="bbox 626 747 2771 823; baseline 0.002 -24"><span class='ocrx_word' id='word_1_41' title='bbox 626 747 829 802; x_wconf 81' lang='lat' dir='ltr'><strong>niciosa</strong></span> <span class='ocrx_word' id='word_1_42' title='bbox 864 750 967 803; x_wconf 82' lang='lat' dir='ltr'><strong>fuit</strong></span> <span class='ocrx_word' id='word_1_43' title='bbox 1007 750 1221 816; x_wconf 77' lang='lat' dir='ltr'><strong>multis3</strong></span> <span class='ocrx_word' id='word_1_44' title='bbox 1262 750 1411 823; x_wconf 86' lang='lat' dir='ltr'><strong>quod</strong></span> <span class='ocrx_word' id='word_1_45' title='bbox 1450 750 1716 821; x_wconf 82' lang='lat' dir='ltr'><strong>probatur</strong></span> <span class='ocrx_word' id='word_1_46' title='bbox 1749 750 2007 821; x_wconf 82' lang='lat' dir='ltr'><strong>exemplis</strong></span> <span class='ocrx_word' id='word_1_47' title='bbox 2037 752 2372 801; x_wconf 67' lang='lat' dir='ltr'><em>Demosthenis</em></span> <span class='ocrx_word' id='word_1_48' title='bbox 2403 763 2458 803; x_wconf 90' lang='lat' dir='ltr'><strong>et</strong></span> <span class='ocrx_word' id='word_1_49' title='bbox 2497 755 2735 803; x_wconf 73' lang='lat' dir='ltr'><strong>Ciceronis</strong></span> <span class='ocrx_word' id='word_1_50' title='bbox 2753 787 2771 815; x_wconf 95' lang='lat'><strong>,</strong></span> 
     </span>
     <span class='ocr_line' id='line_1_6' title="bbox 624 847 1284 887; baseline 0.003 -3"><span class='ocrx_word' id='word_1_51' title='bbox 624 851 955 887; x_wconf 83' lang='lat' dir='ltr'><strong>summorum</strong></span> <span class='ocrx_word' id='word_1_52' title='bbox 988 847 1284 887; x_wconf 80' lang='lat' dir='ltr'><strong>oratorum.</strong></span> 
     </span>
    </p>
   </div>
   <div class='ocr_carea' id='block_1_3' title="bbox 620 928 2774 2313">
    <p class='ocr_par' dir='ltr' id='par_1_4' title="bbox 620 928 2774 2313">
     <span class='ocr_line' id='line_1_7' title="bbox 692 928 2771 997; baseline 0.001 -16"><span class='ocrx_word' id='word_1_53' title='bbox 692 929 828 981; x_wconf 83' lang='lat' dir='ltr'><strong>Nor.</strong></span> <span class='ocrx_word' id='word_1_54' title='bbox 874 928 988 981; x_wconf 81' lang='lat'>115.</span> <span class='ocrx_word' id='word_1_55' title='bbox 1029 928 1362 996; x_wconf 72' lang='lat' dir='ltr'><strong>Quinquatrus</strong></span> <span class='ocrx_word' id='word_1_56' title='bbox 1388 928 1660 997; x_wconf 80' lang='lat' dir='ltr'><strong>majores(</strong></span> <span class='ocrx_word' id='word_1_57' title='bbox 1678 945 1804 980; x_wconf 84' lang='lat' dir='ltr'><strong>nam</strong></span> <span class='ocrx_word' id='word_1_58' title='bbox 1831 940 1884 980; x_wconf 88' lang='lat' dir='ltr'><strong>et</strong></span> <span class='ocrx_word' id='word_1_59' title='bbox 1903 929 2136 981; x_wconf 86' lang='lat' dir='ltr'><strong>minores</strong></span> <span class='ocrx_word' id='word_1_60' title='bbox 2153 928 2237 981; x_wconf 78' lang='lat' dir='ltr'><strong>vel</strong></span> <span class='ocrx_word' id='word_1_61' title='bbox 2261 928 2576 982; x_wconf 82' lang='lat' dir='ltr'><strong>minuscula.-</strong></span> <span class='ocrx_word' id='word_1_62' title='bbox 2595 942 2771 995; x_wconf 81' lang='lat' dir='ltr'><strong>erant,</strong></span> 
     </span>
     <span class='ocr_line' id='line_1_8' title="bbox 622 1004 2770 1083; baseline 0 -20"><span class='ocrx_word' id='word_1_63' title='bbox 622 1028 743 1083; x_wconf 74' lang='lat' dir='ltr'><strong>quse</strong></span> <span class='ocrx_word' id='word_1_64' title='bbox 773 1008 953 1062; x_wconf 81' lang='lat' dir='ltr'><strong>idibus</strong></span> <span class='ocrx_word' id='word_1_65' title='bbox 975 1010 1008 1061; x_wconf 87' lang='lat' dir='ltr'><strong>J</strong></span> <span class='ocrx_word' id='word_1_66' title='bbox 1014 1028 1104 1061; x_wconf 82' lang='lat' dir='ltr'><strong>un.</strong></span> <span class='ocrx_word' id='word_1_67' title='bbox 1140 1009 1591 1077; x_wconf 78' lang='lat' dir='ltr'><strong>celebrabantur)</strong></span> <span class='ocrx_word' id='word_1_68' title='bbox 1614 1008 1728 1062; x_wconf 85' lang='lat' dir='ltr'><strong>dies</strong></span> <span class='ocrx_word' id='word_1_69' title='bbox 1765 1009 1911 1072; x_wconf 78' lang='lat' dir='ltr'><strong>festi,</strong></span> <span class='ocrx_word' id='word_1_70' title='bbox 1937 1012 2008 1063; x_wconf 85' lang='lat' dir='ltr'><strong>ab</strong></span> <span class='ocrx_word' id='word_1_71' title='bbox 2035 1012 2210 1063; x_wconf 87' lang='lat' dir='ltr'><strong>omnis</strong></span> <span class='ocrx_word' id='word_1_72' title='bbox 2242 1012 2452 1081; x_wconf 75' lang='lat' dir='ltr'><strong>generis</strong></span> <span class='ocrx_word' id='word_1_73' title='bbox 2473 1004 2770 1066; x_wconf 68' lang='lat' dir='ltr'><strong>artificibus</strong></span> 
     </span>
     <span class='ocr_line' id='line_1_9' title="bbox 621 1092 2774 1165; baseline 0.001 -19"><span class='ocrx_word' id='word_1_74' title='bbox 621 1094 922 1165; x_wconf 85' lang='lat' dir='ltr'><strong>artiumque</strong></span> <span class='ocrx_word' id='word_1_75' title='bbox 954 1092 1206 1144; x_wconf 70' lang='lat' dir='ltr'><strong>studiosis</strong></span> <span class='ocrx_word' id='word_1_76' title='bbox 1246 1093 1305 1144; x_wconf 89' lang='lat' dir='ltr'><strong>in</strong></span> <span class='ocrx_word' id='word_1_77' title='bbox 1338 1092 1602 1144; x_wconf 83' lang='lat' dir='ltr'><strong>honorem</strong></span> <span class='ocrx_word' id='word_1_78' title='bbox 1637 1095 1892 1155; x_wconf 71' lang='lat' dir='ltr'><strong>Minerva,</strong></span> <span class='ocrx_word' id='word_1_79' title='bbox 1927 1092 2172 1164; x_wconf 67' lang='lat' dir='ltr'><strong>presidis</strong></span> <span class='ocrx_word' id='word_1_80' title='bbox 2208 1094 2434 1160; x_wconf 83' lang='lat' dir='ltr'><strong>artium,</strong></span> <span class='ocrx_word' id='word_1_81' title='bbox 2465 1095 2573 1148; x_wconf 83' lang='lat' dir='ltr'><strong>acti</strong></span> <span class='ocrx_word' id='word_1_82' title='bbox 2607 1109 2663 1148; x_wconf 87' lang='lat' dir='ltr'><strong>et</strong></span> <span class='ocrx_word' id='word_1_83' title='bbox 2693 1095 2774 1148; x_wconf 76' lang='lat' dir='ltr'><strong>sic</strong></span> 
     </span>
     <span class='ocr_line' id='line_1_10' title="bbox 620 1173 2768 1251; baseline 0.001 -21"><span class='ocrx_word' id='word_1_84' title='bbox 620 1176 777 1241; x_wconf 87' lang='lat' dir='ltr'><strong>dicti,</strong></span> <span class='ocrx_word' id='word_1_85' title='bbox 809 1174 959 1248; x_wconf 83' lang='lat' dir='ltr'><strong>quod</strong></span> <span class='ocrx_word' id='word_1_86' title='bbox 996 1176 1079 1229; x_wconf 85' lang='lat' dir='ltr'><strong>vel</strong></span> <span class='ocrx_word' id='word_1_87' title='bbox 1112 1176 1350 1248; x_wconf 80' lang='lat' dir='ltr'><strong>quinque</strong></span> <span class='ocrx_word' id='word_1_88' title='bbox 1377 1173 1572 1228; x_wconf 88' lang='lat' dir='ltr'><strong>diebus</strong></span> <span class='ocrx_word' id='word_1_89' title='bbox 1605 1175 1911 1241; x_wconf 85' lang='lat' dir='ltr'><strong>continuis,</strong></span> <span class='ocrx_word' id='word_1_90' title='bbox 1941 1178 2028 1231; x_wconf 81' lang='lat' dir='ltr'><strong>vel</strong></span> <span class='ocrx_word' id='word_1_91' title='bbox 2060 1197 2093 1231; x_wconf 85' lang='lat' dir='ltr'><strong>a</strong></span> <span class='ocrx_word' id='word_1_92' title='bbox 2128 1177 2220 1231; x_wconf 81' lang='lat' dir='ltr'><strong>die</strong></span> <span class='ocrx_word' id='word_1_93' title='bbox 2245 1178 2436 1251; x_wconf 81' lang='lat' dir='ltr'><strong>quinto</strong></span> <span class='ocrx_word' id='word_1_94' title='bbox 2467 1192 2594 1251; x_wconf 90' lang='lat' dir='ltr'><strong>post</strong></span> <span class='ocrx_word' id='word_1_95' title='bbox 2630 1180 2768 1233; x_wconf 85' lang='lat' dir='ltr'><strong>Idus</strong></span> 
     </span>
     <span class='ocr_line' id='line_1_11' title="bbox 622 1257 2768 1333; baseline 0 -19"><span class='ocrx_word' id='word_1_96' title='bbox 622 1261 849 1313; x_wconf 82' lang='lat' dir='ltr'><strong>Martias</strong></span> <span class='ocrx_word' id='word_1_97' title='bbox 864 1260 1025 1329; x_wconf 79' lang='lat' dir='ltr'>(XIV</span> <span class='ocrx_word' id='word_1_98' title='bbox 1050 1259 1151 1311; x_wconf 86' lang='lat' dir='ltr'><strong>cal.</strong></span> <span class='ocrx_word' id='word_1_99' title='bbox 1174 1261 1324 1331; x_wconf 84' lang='lat' dir='ltr'><strong>Apr.)</strong></span> <span class='ocrx_word' id='word_1_100' title='bbox 1344 1258 1708 1330; x_wconf 77' lang='lat' dir='ltr'><strong>agitabantur.</strong></span> <span class='ocrx_word' id='word_1_101' title='bbox 1733 1257 1867 1312; x_wconf 82' lang='lat' dir='ltr'><strong>vid.</strong></span> <span class='ocrx_word' id='word_1_102' title='bbox 1896 1259 2060 1315; x_wconf 79' lang='lat' dir='ltr'><strong>ovid.</strong></span> <span class='ocrx_word' id='word_1_103' title='bbox 2087 1261 2231 1313; x_wconf 88' lang='lat' dir='ltr'><strong>Fast.</strong></span> <span class='ocrx_word' id='word_1_104' title='bbox 2253 1263 2371 1327; x_wconf 90' lang='lat'><strong>111,</strong></span> <span class='ocrx_word' id='word_1_105' title='bbox 2396 1263 2500 1330; x_wconf 83' lang='lat'><strong>809</strong></span> <span class='ocrx_word' id='word_1_106' title='bbox 2519 1280 2629 1333; x_wconf 78' lang='lat' dir='ltr'><strong>seq.</strong></span> <span class='ocrx_word' id='word_1_107' title='bbox 2651 1264 2768 1329; x_wconf 82' lang='lat' dir='ltr'><strong>vl,</strong></span> 
     </span>
     <span class='ocr_line' id='line_1_12' title="bbox 621 1342 2770 1415; baseline 0 -17"><span class='ocrx_word' id='word_1_108' title='bbox 621 1344 719 1398; x_wconf 75' lang='lat'><strong>651</strong></span> <span class='ocrx_word' id='word_1_109' title='bbox 753 1362 861 1415; x_wconf 82' lang='lat' dir='ltr'><strong>seq.</strong></span> <span class='ocrx_word' id='word_1_110' title='bbox 884 1343 1056 1414; x_wconf 86' lang='lat' dir='ltr'><strong>intpp.</strong></span> <span class='ocrx_word' id='word_1_111' title='bbox 1080 1342 1221 1395; x_wconf 85' lang='lat' dir='ltr'><strong>Gen.</strong></span> <span class='ocrx_word' id='word_1_112' title='bbox 1251 1342 1332 1406; x_wconf 94' lang='lat' dir='ltr'><strong>II,</strong></span> <span class='ocrx_word' id='word_1_113' title='bbox 1357 1361 1384 1394; x_wconf 75' lang='lat' dir='ltr'><strong>a</strong></span> <span class='ocrx_word' id='word_1_114' title='bbox 1399 1360 1448 1407; x_wconf 81' lang='lat'><strong>¹,</strong></span> <span class='ocrx_word' id='word_1_115' title='bbox 1468 1354 1524 1394; x_wconf 85' lang='lat' dir='ltr'><strong>et</strong></span> <span class='ocrx_word' id='word_1_116' title='bbox 1549 1342 1694 1395; x_wconf 87' lang='lat' dir='ltr'><strong>Suet.</strong></span> <span class='ocrx_word' id='word_1_117' title='bbox 1726 1342 1881 1395; x_wconf 87' lang='lat' dir='ltr'><strong>Dom.</strong></span> <span class='ocrx_word' id='word_1_118' title='bbox 1907 1348 1970 1407; x_wconf 63' lang='grc' dir='ltr'><strong>τίς</strong></span> <span class='ocrx_word' id='word_1_119' title='bbox 1999 1342 2304 1409; x_wconf 76' lang='lat' dir='ltr'><strong>Charisius,</strong></span> <span class='ocrx_word' id='word_1_120' title='bbox 2335 1363 2380 1397; x_wconf 79' lang='grc' dir='ltr'><strong>ι.</strong></span> <span class='ocrx_word' id='word_1_121' title='bbox 2403 1348 2770 1414; x_wconf 72' lang='lat' dir='ltr'><strong>«Quinquatrus</strong></span> 
     </span>
     <span class='ocr_line' id='line_1_13' title="bbox 622 1421 2770 1496; baseline 0.001 -19"><span class='ocrx_word' id='word_1_122' title='bbox 622 1448 654 1481; x_wconf 83' lang='lat' dir='ltr'><strong>a</strong></span> <span class='ocrx_word' id='word_1_123' title='bbox 677 1429 1025 1496; x_wconf 80' lang='lat' dir='ltr'><strong>quinquando,</strong></span> <span class='ocrx_word' id='word_1_124' title='bbox 1051 1422 1110 1477; x_wconf 89' lang='lat' dir='ltr'><strong>id</strong></span> <span class='ocrx_word' id='word_1_125' title='bbox 1131 1438 1236 1487; x_wconf 82' lang='lat' dir='ltr'><strong>est,</strong></span> <span class='ocrx_word' id='word_1_126' title='bbox 1258 1422 1541 1477; x_wconf 85' lang='lat' dir='ltr'><strong>lustrando</strong></span> <span class='ocrx_word' id='word_1_127' title='bbox 1559 1462 1572 1483; x_wconf 88' lang='lat'><strong>,</strong></span> <span class='ocrx_word' id='word_1_128' title='bbox 1610 1422 1758 1495; x_wconf 85' lang='lat' dir='ltr'><strong>quod</strong></span> <span class='ocrx_word' id='word_1_129' title='bbox 1790 1442 1854 1476; x_wconf 89' lang='lat' dir='ltr'><strong>eo</strong></span> <span class='ocrx_word' id='word_1_130' title='bbox 1889 1421 1976 1477; x_wconf 85' lang='lat' dir='ltr'><strong>die</strong></span> <span class='ocrx_word' id='word_1_131' title='bbox 2004 1443 2152 1479; x_wconf 81' lang='lat' dir='ltr'><strong>arma</strong></span> <span class='ocrx_word' id='word_1_132' title='bbox 2178 1428 2389 1479; x_wconf 80' lang='lat' dir='ltr'><strong>Ancilia</strong></span> <span class='ocrx_word' id='word_1_133' title='bbox 2419 1428 2640 1481; x_wconf 85' lang='lat' dir='ltr'><strong>lustrari</strong></span> <span class='ocrx_word' id='word_1_134' title='bbox 2663 1429 2770 1481; x_wconf 84' lang='lat' dir='ltr'><strong>sint</strong></span> 
     </span>
     <span class='ocr_line' id='line_1_14' title="bbox 623 1502 2768 1583; baseline 0 -18"><span class='ocrx_word' id='word_1_135' title='bbox 623 1511 833 1565; x_wconf 80' lang='lat' dir='ltr'><strong>solita.-</strong></span> <span class='ocrx_word' id='word_1_136' title='bbox 862 1508 961 1561; x_wconf 86' lang='lat' dir='ltr'><strong>His</strong></span> <span class='ocrx_word' id='word_1_137' title='bbox 992 1506 1426 1578; x_wconf 69' lang='lat' dir='ltr'><strong>Quinquauibus</strong></span> <span class='ocrx_word' id='word_1_138' title='bbox 1460 1505 1718 1577; x_wconf 79' lang='lat' dir='ltr'><strong>discipuli</strong></span> <span class='ocrx_word' id='word_1_139' title='bbox 1757 1506 2126 1578; x_wconf 76' lang='lat' dir='ltr'><strong>feriabantur(</strong></span> <span class='ocrx_word' id='word_1_140' title='bbox 2147 1510 2340 1563; x_wconf 83' lang='lat' dir='ltr'><strong>Horat.</strong></span> <span class='ocrx_word' id='word_1_141' title='bbox 2367 1512 2537 1583; x_wconf 79' lang='lat' dir='ltr'><strong>Epist.</strong></span> <span class='ocrx_word' id='word_1_142' title='bbox 2581 1514 2670 1577; x_wconf 86' lang='lat'><strong>11,</strong></span> <span class='ocrx_word' id='word_1_143' title='bbox 2711 1502 2768 1576; x_wconf 73' lang='lat' dir='ltr'><strong>a,</strong></span> 
     </span>
     <span class='ocr_line' id='line_1_15' title="bbox 628 1590 2768 1667; baseline 0 -17"><span class='ocrx_word' id='word_1_144' title='bbox 628 1597 785 1667; x_wconf 86' lang='lat'><strong>197),</strong></span> <span class='ocrx_word' id='word_1_145' title='bbox 812 1592 1047 1663; x_wconf 77' lang='lat' dir='ltr'><strong>novique</strong></span> <span class='ocrx_word' id='word_1_146' title='bbox 1066 1590 1318 1662; x_wconf 87' lang='lat' dir='ltr'><strong>discipuli</strong></span> <span class='ocrx_word' id='word_1_147' title='bbox 1344 1591 1534 1663; x_wconf 79' lang='lat' dir='ltr'><strong>stipem</strong></span> <span class='ocrx_word' id='word_1_148' title='bbox 1557 1593 1577 1659; x_wconf 97' lang='lat'>(</span> <span class='ocrx_word' id='word_1_149' title='bbox 1596 1593 1840 1641; x_wconf 75' lang='lat' dir='ltr'><strong>minerva!</strong></span> <span class='ocrx_word' id='word_1_150' title='bbox 1859 1594 1878 1659; x_wconf 95' lang='lat'>)</span> <span class='ocrx_word' id='word_1_151' title='bbox 1900 1592 2178 1646; x_wconf 70' lang='lat' dir='ltr'><strong>solvebant</strong></span> <span class='ocrx_word' id='word_1_152' title='bbox 2204 1596 2498 1666; x_wconf 71' lang='lat' dir='ltr'><strong>magistris,</strong></span> <span class='ocrx_word' id='word_1_153' title='bbox 2535 1596 2628 1667; x_wconf 84' lang='lat' dir='ltr'><strong>qui</strong></span> <span class='ocrx_word' id='word_1_154' title='bbox 2655 1600 2768 1650; x_wconf 82' lang='lat' dir='ltr'><strong>exi-</strong></span> 
     </span>
     <span class='ocr_line' id='line_1_16' title="bbox 622 1670 2763 1749; baseline 0 -18"><span class='ocrx_word' id='word_1_155' title='bbox 622 1696 786 1749; x_wconf 85' lang='lat' dir='ltr'><strong>guum</strong></span> <span class='ocrx_word' id='word_1_156' title='bbox 812 1676 919 1728; x_wconf 89' lang='lat' dir='ltr'><strong>hoc</strong></span> <span class='ocrx_word' id='word_1_157' title='bbox 942 1693 1137 1727; x_wconf 88' lang='lat' dir='ltr'><strong>munus</strong></span> <span class='ocrx_word' id='word_1_158' title='bbox 1170 1676 1408 1724; x_wconf 71' lang='lat' dir='ltr'><strong>Minerva</strong></span> <span class='ocrx_word' id='word_1_159' title='bbox 1442 1670 1698 1725; x_wconf 84' lang='lat' dir='ltr'><strong>dedicare</strong></span> <span class='ocrx_word' id='word_1_160' title='bbox 1726 1674 1988 1726; x_wconf 83' lang='lat' dir='ltr'><strong>solebant.</strong></span> <span class='ocrx_word' id='word_1_161' title='bbox 2021 1678 2043 1745; x_wconf 93' lang='lat'>(</span> <span class='ocrx_word' id='word_1_162' title='bbox 2065 1674 2190 1729; x_wconf 82' lang='lat' dir='ltr'><strong>Vid.</strong></span> <span class='ocrx_word' id='word_1_163' title='bbox 2213 1678 2466 1731; x_wconf 73' lang='lat' dir='ltr'><strong>Heinsius</strong></span> <span class='ocrx_word' id='word_1_164' title='bbox 2497 1676 2568 1731; x_wconf 84' lang='lat' dir='ltr'><strong>ad</strong></span> <span class='ocrx_word' id='word_1_165' title='bbox 2599 1679 2763 1735; x_wconf 81' lang='lat' dir='ltr'><strong>ovid.</strong></span> 
     </span>
     <span class='ocr_line' id='line_1_17' title="bbox 624 1754 2768 1833; baseline 0.001 -19"><span class='ocrx_word' id='word_1_166' title='bbox 624 1763 763 1813; x_wconf 82' lang='lat' dir='ltr'><strong>Fast.</strong></span> <span class='ocrx_word' id='word_1_167' title='bbox 800 1760 914 1821; x_wconf 88' lang='lat'><strong>111,</strong></span> <span class='ocrx_word' id='word_1_168' title='bbox 939 1759 1099 1825; x_wconf 81' lang='lat'>8²9·)</span> <span class='ocrx_word' id='word_1_169' title='bbox 1122 1757 1267 1809; x_wconf 81' lang='lat' dir='ltr'><strong>Hinc</strong></span> <span class='ocrx_word' id='word_1_170' title='bbox 1298 1754 1650 1827; x_wconf 87' lang='lat' dir='ltr'><strong>discipulum,</strong></span> <span class='ocrx_word' id='word_1_171' title='bbox 1678 1758 1764 1823; x_wconf 84' lang='lat' dir='ltr'><strong>qui</strong></span> <span class='ocrx_word' id='word_1_172' title='bbox 1796 1758 1960 1807; x_wconf 76' lang='lat' dir='ltr'><strong>adhuc</strong></span> <span class='ocrx_word' id='word_1_173' title='bbox 1995 1776 2092 1809; x_wconf 81' lang='lat' dir='ltr'><strong>uuo</strong></span> <span class='ocrx_word' id='word_1_174' title='bbox 2123 1778 2234 1809; x_wconf 79' lang='lat' dir='ltr'><strong>asse</strong></span> <span class='ocrx_word' id='word_1_175' title='bbox 2253 1773 2470 1829; x_wconf 73' lang='lat' dir='ltr'><strong>punam,</strong></span> <span class='ocrx_word' id='word_1_176' title='bbox 2495 1775 2732 1833; x_wconf 82' lang='lat' dir='ltr'><strong>emptam</strong></span> <span class='ocrx_word' id='word_1_177' title='bbox 2751 1802 2768 1827; x_wconf 91' lang='lat'><strong>,</strong></span> 
     </span>
     <span class='ocr_line' id='line_1_18' title="bbox 621 1838 2768 1911; baseline 0.001 -15"><span class='ocrx_word' id='word_1_178' title='bbox 621 1846 738 1896; x_wconf 78' lang='lat' dir='ltr'><strong>colit</strong></span> <span class='ocrx_word' id='word_1_179' title='bbox 763 1845 1055 1901; x_wconf 77' lang='lat' dir='ltr'><strong>Minervam,</strong></span> <span class='ocrx_word' id='word_1_180' title='bbox 1089 1838 1199 1892; x_wconf 85' lang='lat' dir='ltr'><strong>dici</strong></span> <span class='ocrx_word' id='word_1_181' title='bbox 1222 1852 1354 1911; x_wconf 84' lang='lat' dir='ltr'><strong>puto</strong></span> <span class='ocrx_word' id='word_1_182' title='bbox 1380 1838 1736 1901; x_wconf 86' lang='lat' dir='ltr'><strong>tirunculum,</strong></span> <span class='ocrx_word' id='word_1_183' title='bbox 1759 1843 1854 1910; x_wconf 84' lang='lat' dir='ltr'><strong>qui</strong></span> <span class='ocrx_word' id='word_1_184' title='bbox 1876 1840 2299 1911; x_wconf 61' lang='lat' dir='ltr'><strong>praceptoribus</strong></span> <span class='ocrx_word' id='word_1_185' title='bbox 2323 1862 2434 1895; x_wconf 86' lang='lat' dir='ltr'><strong>non</strong></span> <span class='ocrx_word' id='word_1_186' title='bbox 2469 1843 2576 1895; x_wconf 84' lang='lat' dir='ltr'><strong>nisi</strong></span> <span class='ocrx_word' id='word_1_187' title='bbox 2599 1846 2768 1898; x_wconf 81' lang='lat' dir='ltr'><strong>semel</strong></span> 
     </span>
     <span class='ocr_line' id='line_1_19' title="bbox 620 1922 2766 1995; baseline 0.001 -15"><span class='ocrx_word' id='word_1_188' title='bbox 620 1929 770 1980; x_wconf 86' lang='lat' dir='ltr'><strong>illam</strong></span> <span class='ocrx_word' id='word_1_189' title='bbox 787 1924 939 1979; x_wconf 83' lang='lat' dir='ltr'><strong>dedit</strong></span> <span class='ocrx_word' id='word_1_190' title='bbox 960 1922 1261 1977; x_wconf 84' lang='lat' dir='ltr'><strong>mercedem</strong></span> <span class='ocrx_word' id='word_1_191' title='bbox 1274 1962 1289 1986; x_wconf 84' lang='lat'><strong>,</strong></span> <span class='ocrx_word' id='word_1_192' title='bbox 1319 1922 1564 1995; x_wconf 79' lang='lat' dir='ltr'><strong>adeoque</strong></span> <span class='ocrx_word' id='word_1_193' title='bbox 1585 1925 1846 1977; x_wconf 77' lang='lat' dir='ltr'><strong>elementa</strong></span> <span class='ocrx_word' id='word_1_194' title='bbox 1869 1923 2048 1977; x_wconf 86' lang='lat' dir='ltr'><strong>adhuc</strong></span> <span class='ocrx_word' id='word_1_195' title='bbox 2072 1925 2270 1981; x_wconf 83' lang='lat' dir='ltr'><strong>artium</strong></span> <span class='ocrx_word' id='word_1_196' title='bbox 2296 1925 2469 1981; x_wconf 78' lang='lat' dir='ltr'><strong>discit.</strong></span> <span class='ocrx_word' id='word_1_197' title='bbox 2487 1929 2766 1983; x_wconf 85' lang='lat' dir='ltr'><strong>Plathueri</strong></span> 
     </span>
     <span class='ocr_line' id='line_1_20' title="bbox 622 2005 2768 2082; baseline 0.001 -19"><span class='ocrx_word' id='word_1_198' title='bbox 622 2022 751 2063; x_wconf 85' lang='lat' dir='ltr'><strong>nota</strong></span> <span class='ocrx_word' id='word_1_199' title='bbox 788 2022 905 2063; x_wconf 91' lang='lat' dir='ltr'><strong>est:</strong></span> <span class='ocrx_word' id='word_1_200' title='bbox 929 2007 1197 2080; x_wconf 74' lang='lat' dir='ltr'><strong>Discipuli</strong></span> <span class='ocrx_word' id='word_1_201' title='bbox 1230 2006 1299 2061; x_wconf 87' lang='lat' dir='ltr'><strong>ab</strong></span> <span class='ocrx_word' id='word_1_202' title='bbox 1338 2026 1453 2059; x_wconf 80' lang='lat' dir='ltr'><strong>asse</strong></span> <span class='ocrx_word' id='word_1_203' title='bbox 1478 2005 1835 2069; x_wconf 84' lang='lat' dir='ltr'><strong>denominati,</strong></span> <span class='ocrx_word' id='word_1_204' title='bbox 1865 2019 1954 2072; x_wconf 87' lang='lat' dir='ltr'><strong>ut,</strong></span> <span class='ocrx_word' id='word_1_205' title='bbox 1994 2009 2088 2079; x_wconf 83' lang='lat' dir='ltr'><strong>qui</strong></span> <span class='ocrx_word' id='word_1_206' title='bbox 2126 2010 2298 2080; x_wconf 85' lang='lat' dir='ltr'><strong>prima</strong></span> <span class='ocrx_word' id='word_1_207' title='bbox 2332 2011 2470 2082; x_wconf 83' lang='lat' dir='ltr'><strong>juris</strong></span> <span class='ocrx_word' id='word_1_208' title='bbox 2505 2012 2768 2066; x_wconf 87' lang='lat' dir='ltr'><strong>elementa</strong></span> 
     </span>
     <span class='ocr_line' id='line_1_21' title="bbox 622 2089 2768 2165; baseline 0.001 -19"><span class='ocrx_word' id='word_1_209' title='bbox 622 2094 928 2153; x_wconf 76' lang='lat' dir='ltr'><strong>discebant,</strong></span> <span class='ocrx_word' id='word_1_210' title='bbox 954 2092 1192 2157; x_wconf 76' lang='lat' dir='ltr'><strong>dupondii</strong></span> <span class='ocrx_word' id='word_1_211' title='bbox 1208 2089 1341 2141; x_wconf 88' lang='lat' dir='ltr'><strong>olim</strong></span> <span class='ocrx_word' id='word_1_212' title='bbox 1362 2090 1721 2153; x_wconf 78' lang='lat' dir='ltr'><strong>vocabantur,</strong></span> <span class='ocrx_word' id='word_1_213' title='bbox 1745 2089 1893 2161; x_wconf 88' lang='lat' dir='ltr'><strong>quod</strong></span> <span class='ocrx_word' id='word_1_214' title='bbox 1923 2092 2127 2145; x_wconf 84' lang='lat' dir='ltr'><strong>scilicet</strong></span> <span class='ocrx_word' id='word_1_215' title='bbox 2143 2094 2346 2145; x_wconf 84' lang='lat' dir='ltr'><strong>nullius</strong></span> <span class='ocrx_word' id='word_1_216' title='bbox 2373 2094 2533 2165; x_wconf 85' lang='lat' dir='ltr'><strong>pretii</strong></span> <span class='ocrx_word' id='word_1_217' title='bbox 2559 2110 2768 2161; x_wconf 82' lang='lat' dir='ltr'><strong>essent,</strong></span> 
     </span>
     <span class='ocr_line' id='line_1_22' title="bbox 626 2170 2761 2248; baseline 0.001 -19"><span class='ocrx_word' id='word_1_218' title='bbox 626 2175 693 2229; x_wconf 88' lang='lat' dir='ltr'><strong>de</strong></span> <span class='ocrx_word' id='word_1_219' title='bbox 724 2194 833 2248; x_wconf 89' lang='lat' dir='ltr'><strong>quo</strong></span> <span class='ocrx_word' id='word_1_220' title='bbox 860 2173 982 2227; x_wconf 80' lang='lat' dir='ltr'><strong>vide</strong></span> <span class='ocrx_word' id='word_1_221' title='bbox 1013 2175 1046 2226; x_wconf 90' lang='lat' dir='ltr'><strong>J</strong></span> <span class='ocrx_word' id='word_1_222' title='bbox 1050 2173 1207 2225; x_wconf 87' lang='lat' dir='ltr'><strong>ustin.</strong></span> <span class='ocrx_word' id='word_1_223' title='bbox 1248 2173 1401 2225; x_wconf 81' lang='lat' dir='ltr'><strong>Orat.</strong></span> <span class='ocrx_word' id='word_1_224' title='bbox 1432 2170 1501 2225; x_wconf 90' lang='lat' dir='ltr'><strong>de</strong></span> <span class='ocrx_word' id='word_1_225' title='bbox 1527 2171 1766 2225; x_wconf 84' lang='lat' dir='ltr'><strong>method.</strong></span> <span class='ocrx_word' id='word_1_226' title='bbox 1799 2174 1832 2225; x_wconf 88' lang='lat' dir='ltr'><strong>J</strong></span> <span class='ocrx_word' id='word_1_227' title='bbox 1838 2191 1918 2225; x_wconf 89' lang='lat' dir='ltr'><strong>ur.</strong></span> <span class='ocrx_word' id='word_1_228' title='bbox 1944 2171 2119 2241; x_wconf 77' lang='lat' dir='ltr'><strong>doc.§</strong></span> <span class='ocrx_word' id='word_1_229' title='bbox 2151 2193 2212 2237; x_wconf 78' lang='lat'><strong>2,</strong></span> <span class='ocrx_word' id='word_1_230' title='bbox 2241 2186 2297 2227; x_wconf 89' lang='lat' dir='ltr'><strong>et</strong></span> <span class='ocrx_word' id='word_1_231' title='bbox 2328 2174 2511 2248; x_wconf 82' lang='lat' dir='ltr'><strong>Cujac.</strong></span> <span class='ocrx_word' id='word_1_232' title='bbox 2535 2178 2761 2232; x_wconf 76' lang='lat' dir='ltr'><strong>Observ.</strong></span> 
     </span>
     <span class='ocr_line' id='line_1_23' title="bbox 625 2255 1427 2313; baseline -0.011 0"><span class='ocrx_word' id='word_1_233' title='bbox 625 2260 741 2313; x_wconf 79' lang='grc' dir='ltr'><strong>ΧΠ</strong></span> <span class='ocrx_word' id='word_1_234' title='bbox 766 2270 901 2310; x_wconf 84' lang='lat' dir='ltr'><strong>extr.</strong></span> <span class='ocrx_word' id='word_1_235' title='bbox 930 2255 1089 2309; x_wconf 80' lang='lat' dir='ltr'><strong>Conf.</strong></span> <span class='ocrx_word' id='word_1_236' title='bbox 1116 2255 1251 2306; x_wconf 82' lang='lat' dir='ltr'><strong>Var.</strong></span> <span class='ocrx_word' id='word_1_237' title='bbox 1279 2256 1427 2305; x_wconf 84' lang='lat' dir='ltr'><strong>Lect.</strong></span> 
     </span>
    </p>
   </div>
   <div class='ocr_carea' id='block_1_4' title="bbox 619 2410 2767 3410">
    <p class='ocr_par' dir='ltr' id='par_1_5' title="bbox 620 2410 2767 2812">
     <span class='ocr_line' id='line_1_24' title="bbox 691 2410 2766 2484; baseline 0.001 -19"><span class='ocrx_word' id='word_1_238' title='bbox 691 2422 831 2465; x_wconf 66' lang='lat' dir='ltr'><strong>Vaa.</strong></span> <span class='ocrx_word' id='word_1_239' title='bbox 877 2432 898 2463; x_wconf 84' lang='lat'>1</span> <span class='ocrx_word' id='word_1_240' title='bbox 913 2416 990 2463; x_wconf 79' lang='grc' dir='ltr'><strong>ιδ.</strong></span> <span class='ocrx_word' id='word_1_241' title='bbox 1027 2415 1259 2462; x_wconf 73' lang='lat' dir='ltr'><strong>Parem.</strong></span> <span class='ocrx_word' id='word_1_242' title='bbox 1278 2449 1291 2463; x_wconf 89' lang='lat'><strong>.</strong></span> <span class='ocrx_word' id='word_1_243' title='bbox 1305 2449 1318 2464; x_wconf 85' lang='lat'><em>.</em></span> <span class='ocrx_word' id='word_1_244' title='bbox 1332 2448 1347 2461; x_wconf 90' lang='lat'><strong>.</strong></span> <span class='ocrx_word' id='word_1_245' title='bbox 1373 2411 1646 2461; x_wconf 77' lang='lat' dir='ltr'><strong>Minervam</strong></span> <span class='ocrx_word' id='word_1_246' title='bbox 1669 2410 1786 2478; x_wconf 80' lang='lat' dir='ltr'><strong>(qm</strong></span> <span class='ocrx_word' id='word_1_247' title='bbox 1806 2430 1931 2478; x_wconf 83' lang='lat' dir='ltr'><strong>puer</strong></span> <span class='ocrx_word' id='word_1_248' title='bbox 1958 2431 2104 2480; x_wconf 83' lang='lat' dir='ltr'><strong>parce</strong></span> <span class='ocrx_word' id='word_1_249' title='bbox 2131 2414 2294 2464; x_wconf 83' lang='lat' dir='ltr'><strong>adhuc</strong></span> <span class='ocrx_word' id='word_1_250' title='bbox 2319 2415 2542 2464; x_wconf 83' lang='lat' dir='ltr'><strong>imbutus</strong></span> <span class='ocrx_word' id='word_1_251' title='bbox 2559 2418 2665 2484; x_wconf 83' lang='lat' dir='ltr'><strong>est)</strong></span> <span class='ocrx_word' id='word_1_252' title='bbox 2685 2420 2766 2469; x_wconf 85' lang='lat' dir='ltr'><strong>in-</strong></span> 
     </span>
     <span class='ocr_line' id='line_1_25' title="bbox 622 2494 2766 2565; baseline -0.001 -15"><span class='ocrx_word' id='word_1_253' title='bbox 622 2501 822 2565; x_wconf 71' lang='lat' dir='ltr'><strong>geniose</strong></span> <span class='ocrx_word' id='word_1_254' title='bbox 844 2498 976 2559; x_wconf 80' lang='lat' dir='ltr'><strong>conj.</strong></span> <span class='ocrx_word' id='word_1_255' title='bbox 1003 2496 1175 2545; x_wconf 82' lang='lat' dir='ltr'><strong>Heius.</strong></span> <span class='ocrx_word' id='word_1_256' title='bbox 1200 2495 1265 2543; x_wconf 80' lang='lat' dir='ltr'><strong>ad</strong></span> <span class='ocrx_word' id='word_1_257' title='bbox 1289 2494 1439 2544; x_wconf 82' lang='lat' dir='ltr'><strong>Ovid.</strong></span> <span class='ocrx_word' id='word_1_258' title='bbox 1466 2497 1594 2543; x_wconf 79' lang='lat' dir='ltr'><strong>Fast.</strong></span> <span class='ocrx_word' id='word_1_259' title='bbox 1619 2498 1698 2543; x_wconf 88' lang='grc' dir='ltr'><strong>ΠΙ</strong></span> <span class='ocrx_word' id='word_1_260' title='bbox 1714 2530 1729 2556; x_wconf 83' lang='grc'><em>,</em></span> <span class='ocrx_word' id='word_1_261' title='bbox 1768 2496 1900 2560; x_wconf 74' lang='lat'><strong>8293</strong></span> <span class='ocrx_word' id='word_1_262' title='bbox 1921 2498 2032 2547; x_wconf 83' lang='lat' dir='ltr'><strong>coll.</strong></span> <span class='ocrx_word' id='word_1_263' title='bbox 2062 2499 2201 2563; x_wconf 68' lang='lat' dir='ltr'><strong>virg.</strong></span> <span class='ocrx_word' id='word_1_264' title='bbox 2223 2498 2418 2548; x_wconf 75' lang='lat' dir='ltr'><strong>AEneid.</strong></span> <span class='ocrx_word' id='word_1_265' title='bbox 2437 2502 2564 2547; x_wconf 83' lang='lat' dir='ltr'><strong>vm</strong></span> <span class='ocrx_word' id='word_1_266' title='bbox 2585 2537 2601 2560; x_wconf 89' lang='lat'><strong>,</strong></span> <span class='ocrx_word' id='word_1_267' title='bbox 2626 2510 2730 2565; x_wconf 74' lang='lat'><strong>⁴⁰9</strong></span> <span class='ocrx_word' id='word_1_268' title='bbox 2749 2538 2766 2563; x_wconf 89' lang='lat'><strong>,</strong></span> 
     </span>
     <span class='ocr_line' id='line_1_26' title="bbox 621 2570 2767 2647; baseline -0.004 -14"><span class='ocrx_word' id='word_1_269' title='bbox 621 2584 789 2647; x_wconf 83' lang='lat' dir='ltr'><strong>ibiqn&#39;e</strong></span> <span class='ocrx_word' id='word_1_270' title='bbox 809 2583 977 2631; x_wconf 77' lang='lat' dir='ltr'><strong>Servio</strong></span> <span class='ocrx_word' id='word_1_271' title='bbox 994 2615 1008 2640; x_wconf 92' lang='lat'><strong>,</strong></span> <span class='ocrx_word' id='word_1_272' title='bbox 1028 2580 1115 2644; x_wconf 80' lang='lat' dir='ltr'><strong>qui</strong></span> <span class='ocrx_word' id='word_1_273' title='bbox 1136 2578 1287 2628; x_wconf 80' lang='lat' dir='ltr'><strong>simili</strong></span> <span class='ocrx_word' id='word_1_274' title='bbox 1302 2595 1450 2628; x_wconf 75' lang='lat' dir='ltr'><strong>sensu</strong></span> <span class='ocrx_word' id='word_1_275' title='bbox 1476 2570 1748 2627; x_wconf 64' lang='lat' dir='ltr'><strong>maenam</strong></span> <span class='ocrx_word' id='word_1_276' title='bbox 1767 2591 1985 2639; x_wconf 74' lang='lat' dir='ltr'><strong>tenuem,</strong></span> <span class='ocrx_word' id='word_1_277' title='bbox 2024 2580 2190 2628; x_wconf 75' lang='lat' dir='ltr'><strong>rudem</strong></span> <span class='ocrx_word' id='word_1_278' title='bbox 2201 2616 2220 2639; x_wconf 90' lang='lat'><strong>,</strong></span> <span class='ocrx_word' id='word_1_279' title='bbox 2237 2580 2500 2645; x_wconf 68' lang='lat' dir='ltr'><strong>pinguem,</strong></span> <span class='ocrx_word' id='word_1_280' title='bbox 2525 2598 2767 2631; x_wconf 79' lang='lat' dir='ltr'><strong>crassam.</strong></span> 
     </span>
     <span class='ocr_line' id='line_1_27' title="bbox 620 2661 2760 2733; baseline -0.001 -16"><span class='ocrx_word' id='word_1_281' title='bbox 620 2684 717 2733; x_wconf 81' lang='lat' dir='ltr'><strong>qus</strong></span> <span class='ocrx_word' id='word_1_282' title='bbox 735 2667 919 2715; x_wconf 77' lang='lat' dir='ltr'><strong>dixere.</strong></span> <span class='ocrx_word' id='word_1_283' title='bbox 954 2663 1049 2711; x_wconf 79' lang='lat' dir='ltr'><strong>Sed</strong></span> <span class='ocrx_word' id='word_1_284' title='bbox 1074 2673 1217 2727; x_wconf 82' lang='lat' dir='ltr'><strong>poeta</strong></span> <span class='ocrx_word' id='word_1_285' title='bbox 1242 2663 1389 2711; x_wconf 80' lang='lat' dir='ltr'><strong>etiam</strong></span> <span class='ocrx_word' id='word_1_286' title='bbox 1411 2662 1539 2710; x_wconf 81' lang='lat' dir='ltr'><strong>bene</strong></span> <span class='ocrx_word' id='word_1_287' title='bbox 1557 2661 1688 2711; x_wconf 83' lang='lat' dir='ltr'><strong>dixit</strong></span> <span class='ocrx_word' id='word_1_288' title='bbox 1709 2663 1974 2727; x_wconf 76' lang='lat' dir='ltr'><strong>iunxitque</strong></span> <span class='ocrx_word' id='word_1_289' title='bbox 1993 2662 2154 2712; x_wconf 55' lang='lat' dir='ltr'><strong>aalma·</strong></span> <span class='ocrx_word' id='word_1_290' title='bbox 2183 2680 2284 2711; x_wconf 84' lang='lat' dir='ltr'><strong>uno</strong></span> <span class='ocrx_word' id='word_1_291' title='bbox 2307 2680 2418 2713; x_wconf 78' lang='lat' dir='ltr'><strong>asse</strong></span> <span class='ocrx_word' id='word_1_292' title='bbox 2428 2676 2632 2729; x_wconf 76' lang='lat' dir='ltr'><strong>panum</strong></span> <span class='ocrx_word' id='word_1_293' title='bbox 2657 2668 2760 2715; x_wconf 75' lang='lat' dir='ltr'><strong>Mi·</strong></span> 
     </span>
     <span class='ocr_line' id='line_1_28' title="bbox 620 2745 2518 2812; baseline -0.003 -13"><span class='ocrx_word' id='word_1_294' title='bbox 620 2766 849 2809; x_wconf 81' lang='lat' dir='ltr'><strong>nervam,</strong></span> <span class='ocrx_word' id='word_1_295' title='bbox 874 2748 1083 2812; x_wconf 80' lang='lat' dir='ltr'><strong>primm</strong></span> <span class='ocrx_word' id='word_1_296' title='bbox 1103 2746 1281 2794; x_wconf 79' lang='lat' dir='ltr'><strong>artium</strong></span> <span class='ocrx_word' id='word_1_297' title='bbox 1302 2745 1635 2809; x_wconf 68' lang='lat' dir='ltr'><strong>cognitionem</strong></span> <span class='ocrx_word' id='word_1_298' title='bbox 1665 2745 1976 2794; x_wconf 83' lang='lat' dir='ltr'><strong>institutione</strong></span> <span class='ocrx_word' id='word_1_299' title='bbox 2001 2746 2149 2793; x_wconf 78' lang='lat' dir='ltr'><strong>unius</strong></span> <span class='ocrx_word' id='word_1_300' title='bbox 2175 2745 2292 2793; x_wconf 83' lang='lat' dir='ltr'><strong>anui</strong></span> <span class='ocrx_word' id='word_1_301' title='bbox 2315 2756 2518 2811; x_wconf 77' lang='lat' dir='ltr'><strong>partam.</strong></span> 
     </span>
    </p>

    <p class='ocr_par' dir='ltr' id='par_1_6' title="bbox 619 2832 2758 3410">
     <span class='ocr_line' id='line_1_29' title="bbox 692 2832 2755 2907; baseline -0.002 -14"><span class='ocrx_word' id='word_1_302' title='bbox 692 2842 831 2894; x_wconf 81' lang='lat' dir='ltr'><strong>Nor.</strong></span> <span class='ocrx_word' id='word_1_303' title='bbox 874 2856 992 2907; x_wconf 84' lang='lat'><em>117.</em></span> <span class='ocrx_word' id='word_1_304' title='bbox 1032 2843 1189 2904; x_wconf 79' lang='lat' dir='ltr'><strong>Quem</strong></span> <span class='ocrx_word' id='word_1_305' title='bbox 1225 2836 1514 2907; x_wconf 86' lang='lat' dir='ltr'><strong>puerulum</strong></span> <span class='ocrx_word' id='word_1_306' title='bbox 1537 2873 1553 2895; x_wconf 91' lang='lat'><strong>,</strong></span> <span class='ocrx_word' id='word_1_307' title='bbox 1602 2832 1674 2887; x_wconf 82' lang='lat' dir='ltr'><strong>ad</strong></span> <span class='ocrx_word' id='word_1_308' title='bbox 1709 2834 1951 2887; x_wconf 84' lang='lat' dir='ltr'><strong>scholam</strong></span> <span class='ocrx_word' id='word_1_309' title='bbox 1985 2847 2228 2898; x_wconf 83' lang='lat' dir='ltr'><strong>euntem,</strong></span> <span class='ocrx_word' id='word_1_310' title='bbox 2265 2839 2489 2902; x_wconf 71' lang='lat' dir='ltr'><strong>sequitur</strong></span> <span class='ocrx_word' id='word_1_311' title='bbox 2521 2841 2755 2897; x_wconf 72' lang='lat' dir='ltr'><strong>vernula,</strong></span> 
     </span>
     <span class='ocr_line' id='line_1_30' title="bbox 620 2916 2757 2989; baseline 0 -17"><span class='ocrx_word' id='word_1_312' title='bbox 620 2936 775 2975; x_wconf 75' lang='lat' dir='ltr'><strong>eustos</strong></span> <span class='ocrx_word' id='word_1_313' title='bbox 798 2938 977 2988; x_wconf 71' lang='lat' dir='ltr'><strong>capsa,</strong></span> <span class='ocrx_word' id='word_1_314' title='bbox 1005 2937 1216 2981; x_wconf 78' lang='lat' dir='ltr'><strong>servus,</strong></span> <span class='ocrx_word' id='word_1_315' title='bbox 1238 2920 1515 2987; x_wconf 78' lang='lat' dir='ltr'><strong>capsur-ius,</strong></span> <span class='ocrx_word' id='word_1_316' title='bbox 1555 2916 1646 2987; x_wconf 87' lang='lat' dir='ltr'><strong>qui</strong></span> <span class='ocrx_word' id='word_1_317' title='bbox 1669 2916 1840 2969; x_wconf 83' lang='lat' dir='ltr'><strong>libros</strong></span> <span class='ocrx_word' id='word_1_318' title='bbox 1869 2916 1972 2970; x_wconf 79' lang='lat' dir='ltr'><strong>fert</strong></span> <span class='ocrx_word' id='word_1_319' title='bbox 2001 2917 2057 2969; x_wconf 84' lang='lat' dir='ltr'><strong>in</strong></span> <span class='ocrx_word' id='word_1_320' title='bbox 2085 2936 2246 2989; x_wconf 76' lang='lat' dir='ltr'><strong>capsa</strong></span> <span class='ocrx_word' id='word_1_321' title='bbox 2269 2936 2362 2970; x_wconf 73' lang='lat' dir='ltr'><strong>seu</strong></span> <span class='ocrx_word' id='word_1_322' title='bbox 2387 2918 2612 2984; x_wconf 82' lang='lat' dir='ltr'><strong>cistula;</strong></span> <span class='ocrx_word' id='word_1_323' title='bbox 2645 2919 2757 2973; x_wconf 79' lang='lat' dir='ltr'><strong>vid.</strong></span> 
     </span>
     <span class='ocr_line' id='line_1_31' title="bbox 620 2993 2758 3079; baseline -0.002 -19"><span class='ocrx_word' id='word_1_324' title='bbox 620 3010 796 3079; x_wconf 85' lang='lat' dir='ltr'><strong>intpp.</strong></span> <span class='ocrx_word' id='word_1_325' title='bbox 813 3007 971 3059; x_wconf 74' lang='lat' dir='ltr'><strong>Suet.</strong></span> <span class='ocrx_word' id='word_1_326' title='bbox 994 3004 1121 3056; x_wconf 86' lang='lat' dir='ltr'><strong>Ner.</strong></span> <span class='ocrx_word' id='word_1_327' title='bbox 1156 3004 1263 3067; x_wconf 73' lang='lat'><strong>363</strong></span> <span class='ocrx_word' id='word_1_328' title='bbox 1300 2993 1519 3073; x_wconf 85' lang='lat' dir='ltr'><strong>Pignori</strong></span> <span class='ocrx_word' id='word_1_329' title='bbox 1545 2999 1612 3053; x_wconf 86' lang='lat' dir='ltr'><strong>de</strong></span> <span class='ocrx_word' id='word_1_330' title='bbox 1649 3000 1853 3063; x_wconf 79' lang='lat' dir='ltr'><strong>Servis,</strong></span> <span class='ocrx_word' id='word_1_331' title='bbox 1893 3020 2018 3072; x_wconf 75' lang='lat' dir='ltr'><strong>pag.</strong></span> <span class='ocrx_word' id='word_1_332' title='bbox 2063 3020 2194 3069; x_wconf 72' lang='lat'>¹¹9³</span> <span class='ocrx_word' id='word_1_333' title='bbox 2237 3002 2461 3073; x_wconf 82' lang='lat' dir='ltr'><strong>Ulpian.</strong></span> <span class='ocrx_word' id='word_1_334' title='bbox 2489 3002 2529 3054; x_wconf 85' lang='lat' dir='ltr'><strong>l.</strong></span> <span class='ocrx_word' id='word_1_335' title='bbox 2571 3004 2614 3055; x_wconf 88' lang='lat' dir='ltr'><strong>si</strong></span> <span class='ocrx_word' id='word_1_336' title='bbox 2645 3006 2758 3057; x_wconf 85' lang='lat' dir='ltr'><strong>col-</strong></span> 
     </span>
     <span class='ocr_line' id='line_1_32' title="bbox 619 3082 2756 3157; baseline -0.002 -15"><span class='ocrx_word' id='word_1_337' title='bbox 619 3092 923 3149; x_wconf 84' lang='lat' dir='ltr'><strong>lectaneus,</strong></span> <span class='ocrx_word' id='word_1_338' title='bbox 944 3086 1011 3137; x_wconf 89' lang='lat' dir='ltr'><strong>D.</strong></span> <span class='ocrx_word' id='word_1_339' title='bbox 1046 3082 1114 3136; x_wconf 87' lang='lat' dir='ltr'><strong>de</strong></span> <span class='ocrx_word' id='word_1_340' title='bbox 1140 3084 1453 3137; x_wconf 77' lang='lat' dir='ltr'><strong>Manumiss.</strong></span> <span class='ocrx_word' id='word_1_341' title='bbox 1475 3084 1720 3136; x_wconf 75' lang='lat' dir='ltr'><strong>vindicta</strong></span> <span class='ocrx_word' id='word_1_342' title='bbox 1735 3123 1752 3149; x_wconf 94' lang='lat'><strong>,</strong></span> <span class='ocrx_word' id='word_1_343' title='bbox 1777 3097 1832 3135; x_wconf 86' lang='lat' dir='ltr'><strong>et</strong></span> <span class='ocrx_word' id='word_1_344' title='bbox 1850 3084 2110 3154; x_wconf 72' lang='lat' dir='ltr'><strong>Bottigeri</strong></span> <span class='ocrx_word' id='word_1_345' title='bbox 2135 3083 2317 3137; x_wconf 80' lang='lat' dir='ltr'><strong>Sabin.</strong></span> <span class='ocrx_word' id='word_1_346' title='bbox 2341 3103 2467 3157; x_wconf 76' lang='lat' dir='ltr'><strong>pag.</strong></span> <span class='ocrx_word' id='word_1_347' title='bbox 2495 3103 2560 3155; x_wconf 83' lang='lat'><strong>71</strong></span> <span class='ocrx_word' id='word_1_348' title='bbox 2591 3098 2644 3140; x_wconf 88' lang='lat' dir='ltr'><strong>et</strong></span> <span class='ocrx_word' id='word_1_349' title='bbox 2672 3087 2756 3138; x_wconf 89' lang='grc'><strong>88.</strong></span> 
     </span>
     <span class='ocr_line' id='line_1_33' title="bbox 620 3162 2755 3239; baseline -0.003 -13"><span class='ocrx_word' id='word_1_350' title='bbox 620 3175 701 3226; x_wconf 77' lang='grc' dir='ltr'><strong>ΑΙ)</strong></span> <span class='ocrx_word' id='word_1_351' title='bbox 736 3190 803 3224; x_wconf 87' lang='lat' dir='ltr'><strong>eo</strong></span> <span class='ocrx_word' id='word_1_352' title='bbox 824 3166 1085 3221; x_wconf 77' lang='lat' dir='ltr'><strong>differunt</strong></span> <span class='ocrx_word' id='word_1_353' title='bbox 1100 3168 1376 3235; x_wconf 72' lang='lat' dir='ltr'><strong>poedagogi</strong></span> <span class='ocrx_word' id='word_1_354' title='bbox 1403 3166 1650 3235; x_wconf 58' lang='lat' dir='ltr'><strong>(Pugio,</strong></span> <span class='ocrx_word' id='word_1_355' title='bbox 1661 3166 1866 3235; x_wconf 67' lang='lat' dir='ltr'><strong>pogen)</strong></span> <span class='ocrx_word' id='word_1_356' title='bbox 1892 3162 1960 3219; x_wconf 89' lang='lat' dir='ltr'><strong>de</strong></span> <span class='ocrx_word' id='word_1_357' title='bbox 1989 3164 2188 3237; x_wconf 82' lang='lat' dir='ltr'><strong>quibus</strong></span> <span class='ocrx_word' id='word_1_358' title='bbox 2209 3164 2334 3219; x_wconf 83' lang='lat' dir='ltr'><strong>vide</strong></span> <span class='ocrx_word' id='word_1_359' title='bbox 2363 3167 2619 3239; x_wconf 75' lang='lat' dir='ltr'><strong>Bottiger.</strong></span> <span class='ocrx_word' id='word_1_360' title='bbox 2649 3166 2755 3221; x_wconf 81' lang='lat' dir='ltr'><strong>loc.</strong></span> 
     </span>
     <span class='ocr_line' id='line_1_34' title="bbox 621 3246 2756 3324; baseline -0.003 -15"><span class='ocrx_word' id='word_1_361' title='bbox 621 3253 769 3309; x_wconf 82' lang='lat' dir='ltr'><strong>laud.</strong></span> <span class='ocrx_word' id='word_1_362' title='bbox 801 3268 927 3324; x_wconf 78' lang='lat' dir='ltr'><strong>pag.</strong></span> <span class='ocrx_word' id='word_1_363' title='bbox 960 3250 1079 3301; x_wconf 74' lang='lat'><strong>302.</strong></span> <span class='ocrx_word' id='word_1_364' title='bbox 1116 3247 1411 3319; x_wconf 82' lang='lat' dir='ltr'><strong>Epitheton</strong></span> <span class='ocrx_word' id='word_1_365' title='bbox 1447 3264 1671 3316; x_wconf 71' lang='lat' dir='ltr'><strong>angusta</strong></span> <span class='ocrx_word' id='word_1_366' title='bbox 1715 3261 1768 3301; x_wconf 87' lang='lat' dir='ltr'><strong>et</strong></span> <span class='ocrx_word' id='word_1_367' title='bbox 1810 3246 2062 3303; x_wconf 83' lang='lat' dir='ltr'><strong>diminut.</strong></span> <span class='ocrx_word' id='word_1_368' title='bbox 2105 3254 2324 3301; x_wconf 72' lang='lat' dir='ltr'><strong>vernula</strong></span> <span class='ocrx_word' id='word_1_369' title='bbox 2365 3248 2438 3303; x_wconf 85' lang='lat' dir='ltr'><strong>ad</strong></span> <span class='ocrx_word' id='word_1_370' title='bbox 2470 3250 2756 3304; x_wconf 78' lang='lat' dir='ltr'><strong>infantiam</strong></span> 
     </span>
     <span class='ocr_line' id='line_1_35' title="bbox 620 3328 1593 3410; baseline -0.009 -18"><span class='ocrx_word' id='word_1_371' title='bbox 620 3335 872 3410; x_wconf 86' lang='lat' dir='ltr'><strong>discipuli</strong></span> <span class='ocrx_word' id='word_1_372' title='bbox 906 3328 1294 3403; x_wconf 76' lang='lat' dir='ltr'><strong>designandam</strong></span> <span class='ocrx_word' id='word_1_373' title='bbox 1330 3342 1593 3401; x_wconf 84' lang='lat' dir='ltr'><strong>spectant.</strong></span> 
     </span>
    </p>
   </div>
   <div class='ocr_carea' id='block_1_5' title="bbox 688 3489 1773 3553">
    <p class='ocr_par' dir='ltr' id='par_1_7' title="bbox 688 3489 1773 3553">
     <span class='ocr_line' id='line_1_36' title="bbox 688 3489 1773 3553; baseline -0.007 -9"><span class='ocrx_word' id='word_1_374' title='bbox 688 3498 825 3543; x_wconf 60' lang='lat' dir='ltr'><strong>Van.</strong></span> <span class='ocrx_word' id='word_1_375' title='bbox 868 3492 983 3541; x_wconf 84' lang='lat'><em>118.</em></span> <span class='ocrx_word' id='word_1_376' title='bbox 1018 3490 1193 3548; x_wconf 77' lang='lat' dir='ltr'><strong>Per-It,-</strong></span> <span class='ocrx_word' id='word_1_377' title='bbox 1214 3489 1327 3539; x_wconf 80' lang='lat' dir='ltr'><strong>vide</strong></span> <span class='ocrx_word' id='word_1_378' title='bbox 1348 3504 1496 3553; x_wconf 83' lang='lat' dir='ltr'><strong>supra</strong></span> <span class='ocrx_word' id='word_1_379' title='bbox 1516 3489 1581 3537; x_wconf 78' lang='lat' dir='ltr'><strong>ad</strong></span> <span class='ocrx_word' id='word_1_380' title='bbox 1593 3506 1665 3539; x_wconf 83' lang='lat' dir='ltr'><strong>vs.</strong></span> <span class='ocrx_word' id='word_1_381' title='bbox 1694 3506 1714 3538; x_wconf 89' lang='lat'>1</span> <span class='ocrx_word' id='word_1_382' title='bbox 1730 3507 1773 3538; x_wconf 87' lang='lat'><strong>1.</strong></span> 
     </span>
    </p>
   </div>
   <div class='ocr_carea' id='block_1_6' title="bbox 616 3580 2762 4184">
    <p class='ocr_par' dir='ltr' id='par_1_8' title="bbox 619 3580 2762 3902">
     <span class='ocr_line' id='line_1_37' title="bbox 688 3580 2762 3653; baseline -0.002 -13"><span class='ocrx_word' id='word_1_383' title='bbox 688 3588 829 3640; x_wconf 73' lang='lat' dir='ltr'><strong>Nor.</strong></span> <span class='ocrx_word' id='word_1_384' title='bbox 860 3605 882 3635; x_wconf 88' lang='lat'>1</span> <span class='ocrx_word' id='word_1_385' title='bbox 897 3586 976 3637; x_wconf 85' lang='lat'><strong>18.</strong></span> <span class='ocrx_word' id='word_1_386' title='bbox 998 3584 1227 3651; x_wconf 76' lang='lat' dir='ltr'><strong>Eloquia,</strong></span> <span class='ocrx_word' id='word_1_387' title='bbox 1249 3582 1584 3653; x_wconf 82' lang='lat' dir='ltr'><strong>eloquentia,</strong></span> <span class='ocrx_word' id='word_1_388' title='bbox 1609 3600 1716 3653; x_wconf 85' lang='lat' dir='ltr'><strong>qua</strong></span> <span class='ocrx_word' id='word_1_389' title='bbox 1733 3582 2116 3635; x_wconf 85' lang='lat' dir='ltr'><strong>Demosthenes</strong></span> <span class='ocrx_word' id='word_1_390' title='bbox 2138 3580 2391 3635; x_wconf 76' lang='lat' dir='ltr'><strong>adversus</strong></span> <span class='ocrx_word' id='word_1_391' title='bbox 2411 3583 2762 3653; x_wconf 81' lang='lat' dir='ltr'><strong>Antipatrum</strong></span> 
     </span>
     <span class='ocr_line' id='line_1_38' title="bbox 620 3662 2760 3735; baseline -0.002 -13"><span class='ocrx_word' id='word_1_392' title='bbox 620 3681 675 3723; x_wconf 88' lang='lat' dir='ltr'><strong>et</strong></span> <span class='ocrx_word' id='word_1_393' title='bbox 695 3666 1053 3730; x_wconf 83' lang='lat' dir='ltr'><strong>Macedonas,</strong></span> <span class='ocrx_word' id='word_1_394' title='bbox 1081 3664 1270 3717; x_wconf 85' lang='lat' dir='ltr'><strong>Cicero</strong></span> <span class='ocrx_word' id='word_1_395' title='bbox 1292 3664 1548 3718; x_wconf 76' lang='lat' dir='ltr'><strong>adversus</strong></span> <span class='ocrx_word' id='word_1_396' title='bbox 1571 3670 1642 3717; x_wconf 79' lang='lat' dir='ltr'><strong>M.</strong></span> <span class='ocrx_word' id='word_1_397' title='bbox 1669 3668 1938 3717; x_wconf 77' lang='lat' dir='ltr'><strong>Antonium</strong></span> <span class='ocrx_word' id='word_1_398' title='bbox 1961 3662 2302 3717; x_wconf 80' lang='lat' dir='ltr'><strong>triumvirum</strong></span> <span class='ocrx_word' id='word_1_399' title='bbox 2323 3667 2442 3731; x_wconf 79' lang='lat' dir='ltr'><strong>(vs.</strong></span> <span class='ocrx_word' id='word_1_400' title='bbox 2475 3662 2570 3716; x_wconf 78' lang='lat'><strong>123</strong></span> <span class='ocrx_word' id='word_1_401' title='bbox 2592 3668 2614 3735; x_wconf 97' lang='lat'><em>)</em></span> <span class='ocrx_word' id='word_1_402' title='bbox 2633 3684 2760 3717; x_wconf 87' lang='lat' dir='ltr'><strong>usus</strong></span> 
     </span>
     <span class='ocr_line' id='line_1_39' title="bbox 619 3746 2756 3818; baseline -0.003 -15"><span class='ocrx_word' id='word_1_403' title='bbox 619 3765 726 3815; x_wconf 83' lang='lat' dir='ltr'><strong>est,</strong></span> <span class='ocrx_word' id='word_1_404' title='bbox 749 3764 946 3817; x_wconf 81' lang='lat' dir='ltr'><strong>uterque</strong></span> <span class='ocrx_word' id='word_1_405' title='bbox 960 3750 1136 3818; x_wconf 78' lang='lat' dir='ltr'><strong>periit,</strong></span> <span class='ocrx_word' id='word_1_406' title='bbox 1168 3748 1262 3800; x_wconf 89' lang='lat' dir='ltr'><strong>ille</strong></span> <span class='ocrx_word' id='word_1_407' title='bbox 1287 3748 1485 3800; x_wconf 85' lang='lat' dir='ltr'><strong>hausto</strong></span> <span class='ocrx_word' id='word_1_408' title='bbox 1508 3766 1744 3811; x_wconf 81' lang='lat' dir='ltr'><strong>veneno,</strong></span> <span class='ocrx_word' id='word_1_409' title='bbox 1781 3747 1870 3799; x_wconf 79' lang='lat' dir='ltr'><strong>hic</strong></span> <span class='ocrx_word' id='word_1_410' title='bbox 1897 3764 2062 3799; x_wconf 80' lang='lat' dir='ltr'><strong>manu</strong></span> <span class='ocrx_word' id='word_1_411' title='bbox 2086 3746 2146 3798; x_wconf 91' lang='lat' dir='ltr'><strong>C.</strong></span> <span class='ocrx_word' id='word_1_412' title='bbox 2183 3746 2386 3817; x_wconf 86' lang='lat' dir='ltr'><strong>Popilii</strong></span> <span class='ocrx_word' id='word_1_413' title='bbox 2412 3747 2614 3799; x_wconf 76' lang='lat' dir='ltr'><strong>tribun-</strong></span> <span class='ocrx_word' id='word_1_414' title='bbox 2643 3748 2756 3801; x_wconf 85' lang='lat' dir='ltr'><strong>mil.</strong></span> 
     </span>
     <span class='ocr_line' id='line_1_40' title="bbox 619 3827 2271 3902; baseline -0.004 -16"><span class='ocrx_word' id='word_1_415' title='bbox 619 3832 763 3887; x_wconf 81' lang='lat' dir='ltr'><strong>vide</strong></span> <span class='ocrx_word' id='word_1_416' title='bbox 789 3832 933 3884; x_wconf 89' lang='lat' dir='ltr'><strong>Plut.</strong></span> <span class='ocrx_word' id='word_1_417' title='bbox 958 3831 1051 3885; x_wconf 78' lang='lat' dir='ltr'><strong>vit.</strong></span> <span class='ocrx_word' id='word_1_418' title='bbox 1076 3830 1352 3902; x_wconf 81' lang='lat' dir='ltr'><strong>utriusque</strong></span> <span class='ocrx_word' id='word_1_419' title='bbox 1375 3842 1429 3882; x_wconf 84' lang='lat' dir='ltr'><strong>et</strong></span> <span class='ocrx_word' id='word_1_420' title='bbox 1449 3830 1684 3896; x_wconf 87' lang='lat' dir='ltr'><strong>Quintil.</strong></span> <span class='ocrx_word' id='word_1_421' title='bbox 1717 3828 1957 3882; x_wconf 86' lang='lat' dir='ltr'><strong>Declam.</strong></span> <span class='ocrx_word' id='word_1_422' title='bbox 1985 3827 2271 3883; x_wconf 84' lang='lat' dir='ltr'><strong>CCLxlx.</strong></span> 
     </span>
    </p>

    <p class='ocr_par' dir='ltr' id='par_1_9' title="bbox 690 3922 1977 3996">
     <span class='ocr_line' id='line_1_41' title="bbox 690 3922 1977 3996; baseline -0.004 -13"><span class='ocrx_word' id='word_1_423' title='bbox 690 3932 830 3983; x_wconf 81' lang='lat' dir='ltr'><strong>Nor.</strong></span> <span class='ocrx_word' id='word_1_424' title='bbox 874 3945 992 3996; x_wconf 86' lang='lat'><strong>¹¹9·</strong></span> <span class='ocrx_word' id='word_1_425' title='bbox 1035 3926 1192 3979; x_wconf 82' lang='lat' dir='ltr'><strong>Conf.</strong></span> <span class='ocrx_word' id='word_1_426' title='bbox 1229 3946 1308 3979; x_wconf 82' lang='lat' dir='ltr'><strong>vs.</strong></span> <span class='ocrx_word' id='word_1_427' title='bbox 1337 3944 1389 3994; x_wconf 84' lang='lat'><strong>9,</strong></span> <span class='ocrx_word' id='word_1_428' title='bbox 1429 3943 1511 3991; x_wconf 86' lang='lat'><strong>10,</strong></span> <span class='ocrx_word' id='word_1_429' title='bbox 1536 3938 1589 3979; x_wconf 88' lang='lat' dir='ltr'><strong>et</strong></span> <span class='ocrx_word' id='word_1_430' title='bbox 1620 3922 1690 3977; x_wconf 86' lang='lat' dir='ltr'><strong>ad</strong></span> <span class='ocrx_word' id='word_1_431' title='bbox 1726 3924 1817 3976; x_wconf 89' lang='lat'><strong>111</strong></span> <span class='ocrx_word' id='word_1_432' title='bbox 1833 3963 1848 3989; x_wconf 97' lang='lat'><strong>,</strong></span> <span class='ocrx_word' id='word_1_433' title='bbox 1883 3930 1977 3995; x_wconf 76' lang='grc'><strong>74.</strong></span> 
     </span>
    </p>

    <p class='ocr_par' dir='ltr' id='par_1_10' title="bbox 616 4016 2758 4184">
     <span class='ocr_line' id='line_1_42' title="bbox 690 4016 2758 4091; baseline -0.003 -15"><span class='ocrx_word' id='word_1_434' title='bbox 690 4026 832 4081; x_wconf 71' lang='lat' dir='ltr'><strong>Nor.</strong></span> <span class='ocrx_word' id='word_1_435' title='bbox 874 4040 988 4075; x_wconf 78' lang='lat' dir='ltr'><strong>no.</strong></span> <span class='ocrx_word' id='word_1_436' title='bbox 1026 4022 1235 4089; x_wconf 71' lang='lat' dir='ltr'><strong>Ingenio</strong></span> <span class='ocrx_word' id='word_1_437' title='bbox 1263 4020 1433 4077; x_wconf 78' lang='lat' dir='ltr'><strong>facete</strong></span> <span class='ocrx_word' id='word_1_438' title='bbox 1454 4039 1574 4091; x_wconf 76' lang='lat' dir='ltr'><strong>pro,</strong></span> <span class='ocrx_word' id='word_1_439' title='bbox 1601 4020 1874 4084; x_wconf 84' lang='lat' dir='ltr'><strong>Ciceroni,</strong></span> <span class='ocrx_word' id='word_1_440' title='bbox 1892 4019 2009 4073; x_wconf 79' lang='lat' dir='ltr'><strong>viro</strong></span> <span class='ocrx_word' id='word_1_441' title='bbox 2031 4016 2162 4070; x_wconf 79' lang='lat' dir='ltr'><strong>tanti</strong></span> <span class='ocrx_word' id='word_1_442' title='bbox 2179 4016 2412 4087; x_wconf 72' lang='lat' dir='ltr'><strong>ingenii,</strong></span> <span class='ocrx_word' id='word_1_443' title='bbox 2431 4017 2519 4071; x_wconf 81' lang='lat' dir='ltr'><strong>vel</strong></span> <span class='ocrx_word' id='word_1_444' title='bbox 2537 4029 2758 4089; x_wconf 84' lang='lat' dir='ltr'><strong>propter</strong></span> 
     </span>
     <span class='ocr_line' id='line_1_43' title="bbox 616 4124 903 4184; baseline -0.017 -23"><span class='ocrx_word' id='word_1_445' title='bbox 616 4124 903 4184; x_wconf 70' lang='lat' dir='ltr'><strong>ingenium.</strong></span> 
     </span>
    </p>
   </div>
  </div>
 </body>
</html>
