3050 4884
976 374 1331 441 SATIRA
1377 375 1783 439 DECIMA.
2364 373 2449 455 69

315 484 697 557 Tradiderit
729 488 1000 574 domus,
1031 516 1108 559 ac
1136 505 1390 558 veteres
1418 489 1677 557 imitata
1702 489 2015 575 SabinOS,

318 597 645 666 Praeterea
677 613 930 666 castum
959 599 1349 693 ingenium,
1381 597 1773 693 vultumque
1802 598 2105 667 modesto
2349 609 2453 661 300

316 706 657 801 Sanguine
686 705 1056 775 ferventem
1085 709 1334 803 tribuat
1360 723 1602 777 natura
1628 709 1917 804 benigna

315 818 534 911 Larga
569 841 773 884 manu
791 868 812 904 ‚
841 816 1036 914 (quid
1059 818 1236 887 enim
1269 844 1478 913 puero
1503 800 1819 888 conferre
1849 833 2070 913 potest
2096 814 2245 911 plus

317 926 614 997 Custode
635 940 702 994 et
726 952 886 995 cura
912 942 1148 997 natura
1175 930 1520 1021 potentior
1544 929 1725 997 omni
1740 926 1807 1013 Ρ)

263 1076 274 1088 -
319 1037 479 1106 Non
510 1033 670 1105 licet
699 1060 838 1105 esse
866 1037 1028 1105 viris
1061 1064 1077 1105 ε
1110 1063 1265 1107 nam
1293 1038 1575 1133 prodiga
1598 1036 2015 1129 corruptoris

317 1146 722 1239 Improbitas
749 1146 924 1239 ipsos
951 1146 1153 1216 audet
1190 1162 1450 1217 tentare
1476 1160 1815 1240 parentes.
2355 1160 2455 1212 305

318 1258 530 1325 Tanta
558 1257 626 1324 in
655 1258 1044 1326 muneribus
1067 1254 1340 1327 fiducia!
1373 1256 1597 1326 nullus
1622 1254 1959 1349 ephebum

315 1363 711 1434 Deformem
747 1389 916 1433 saeva
943 1366 1258 1433 castravit
1285 1366 1354 1432 in
1385 1388 1540 1432 arce
1568 1378 1933 1457 tyrannu53

319 1476 466 1543 Nec
494 1488 957 1569 praetextatum
991 1476 1216 1566 rapuit
1245 1475 1436 1542 Nero
1473 1470 1875 1564 loripedem„
1912 1469 2025 1539 vel

316 1586 736 1651 Strumosum
756 1634 775 1667 ,
803 1594 1004 1676 atque
1033 1596 1230 1649 utero
1267 1583 1514 1674 pariter
1542 1580 1879 1673 gibboque
1912 1594 2308 1648 tumentem.

315 1696 352 1761 1
378 1716 592 1777 nunc,
625 1704 693 1759 et
715 1690 988 1783 juvenis
1017 1692 1237 1782 specie
1267 1687 1492 1758 laetare
1530 1690 1665 1774 tui,
1702 1713 1907 1782 quem
2354 1702 2457 1757 310

318 1802 586 1895 Majora
621 1813 1010 1892 exspectant
1041 1794 1466 1869 discrimina!
1503 1796 1621 1865 fi'et
1650 1796 1913 1869 adulter

317 1910 670 1995 Publicus,
697 1925 765 1979 et
797 1934 1026 2005 poenas
1053 1924 1300 1979 metuet
1316 1959 1349 1995 „
1365 1932 1825 2002 quascumque
1852 1908 2076 1977 mariti

316 2022 602 2116 Exigere
629 2020 818 2106 irati3
853 2044 981 2088 nec
1006 2020 1134 2090 erit
1157 2017 1622 2093 felicior2astro

319 2131 587 2216 Martis,
613 2144 690 2198 ut
713 2130 784 2197 in
811 2126 1084 2223 laqueos
1117 2151 1466 2220 nunquam
1495 2126 1749 2195 incidat
1774 2151 1801 2195 ε·
1818 2127 2025 2221 exigit
2058 2144 2285 2199 autem

319 2240 670 2309 Interdum
699 2235 806 2307 ille
837 2236 1032 2307 dolor
1061 2235 1244 2332 plus,
1281 2260 1483 2329 quam
1512 2236 1614 2305 lex
1646 2234 1779 2305 ulla
1808 2234 2026 2305 dolori
2358 2256 2459 2310 315

320 2350 702 2421 Concessit:
732 2362 929 2419 necat
948 2348 1060 2417 hic
1086 2345 1308 2434 ferr03
1335 2361 1509 2417 secat
1540 2344 1649 2414 ille
1676 2346 1973 2415 cruentis

322 2532 436 2589 tica
467 2530 796 2606 disciplina,
832 2532 1158 2606 priscorum
1181 2530 1535 2587 Sabinorum
1562 2530 1682 2587 ritu
1699 2571 1715 2601 ,
1744 2529 1939 2587 sobrie
1963 2549 2029 2587 ac
2050 2548 2249 2587 severe
2280 2530 2464 2588 fuerit

323 2622 502 2679 educa
511 2635 622 2693 tus3
650 2622 910 2697 quamvis
932 2621 1562 2679 indolemcastimoniae
1578 2633 1895 2691 amantem,
1918 2620 2236 2677 modestam
2261 2622 2461 2677 faciem

321 2734 393 2771 ac
413 2714 629 2789 pudico
655 2715 874 2771 rubore
900 2712 1172 2769 suffusam
1195 2714 1480 2789 acceperit
1503 2733 1535 2769 a
1562 2714 1814 2770 liberalis
1838 2724 2056 2768 naturae
2079 2714 2237 2787 larga
2259 2734 2462 2770 manu:

319 2805 345 2886 (
357 2807 522 2883 quod
548 2806 706 2863 enim
727 2806 838 2881 ipsi
871 2804 1214 2861 beneficium
1242 2806 1605 2879 praestantius
1635 2804 1839 2880 largiri
1858 2814 2063 2859 natura
2084 2804 2315 2877 potest?
2339 2824 2464 2878 qua

319 2918 444 2957 una-
463 2898 726 2972 profecto
747 2897 876 2971 plus
900 2896 1236 2953 custodibus
1259 2896 1532 2953 omnibus
1557 2906 1619 2953 et
1644 2895 2009 2952 cautionibus
2032 2895 2107 2951 ad
2131 2895 2468 2951 servandam

321 2989 678 3064 probitatem
707 2988 910 3066 valet).
947 2988 1166 3043 Tamen
1195 3007 1318 3045 non
1344 2988 1703 3063 permittitur
1731 3006 1829 3045 eos
1856 2987 2015 3044 viros
2046 2998 2267 3045 exstare
2294 3009 2319 3043 :.
2336 3006 2469 3043 nam

203 3097 206 3106 ·
324 3083 574 3159 prodiga
618 3076 977 3157 corruptoris
1021 3079 1228 3137 nefarii
1256 3079 1472 3138 malitia
1503 3082 1680 3139 audet
1716 3080 1871 3155 ipsos
1910 3093 2173 3154 parentes
2206 3080 2469 3137 muneri-

325 3178 434 3233 bus
455 3175 790 3245 sollicitare3
815 3174 964 3231 adeo
984 3183 1144 3230 certa
1169 3192 1298 3248 spes
1321 3172 1384 3229 in
1410 3172 1817 3251 largitionibus
1842 3172 2029 3229 adest!
2057 3172 2252 3228 nullus
2272 3182 2469 3246 tyran-

327 3288 438 3325 nus
455 3287 698 3343 puerum
715 3267 836 3340 jam
852 3265 1132 3341 puberem
1145 3306 1162 3337 ,
1181 3264 1232 3321 si
1249 3264 1528 3323 deformis
1546 3264 1723 3321 fuerit
1738 3306 1755 3335 ,
1777 3264 1841 3319 in
1866 3282 2003 3319 arce
2022 3262 2148 3319 dira
2171 3262 2466 3319 castravit:

329 3370 389 3417 et
409 3360 566 3415 Nero
588 3358 900 3435 ingenuum
922 3375 988 3415 ac
1015 3356 1274 3414 nobilem
1291 3376 1589 3433 nunquam
1617 3356 1842 3431 rapuit,
1872 3355 1921 3411 si
1943 3353 2203 3411 distortis
2225 3354 2469 3428 pedibus

332 3461 432 3507 aut
447 3451 750 3525 scrophula
776 3450 1168 3521 laborantem,
1198 3450 1246 3505 si
1266 3462 1472 3507 ventre
1498 3448 1719 3524 pariter
1745 3466 1810 3503 ac
1830 3445 2011 3521 gibbo
2030 3455 2357 3521 turgentem
2384 3446 2471 3501 in-

332 3541 571 3597 venerit.
599 3541 763 3598 Vade
788 3559 970 3609 nunc,
999 3552 1068 3597 et·
1083 3540 1270 3617 gaude
1289 3540 1524 3614 juvenis
1556 3540 1643 3595 tui
1674 3536 2139 3614 pulchritudine,
2171 3556 2343 3612 quem
2370 3556 2469 3595 ex-

333 3644 590 3709 spectant
613 3632 830 3707 majora
855 3634 1134 3707 pericula!
1167 3630 1276 3689 fiet
1298 3632 1563 3708 publicus
1588 3631 1850 3687 omnium
1880 3639 2277 3686 matronarum
2306 3631 2475 3688 adul-

335 3736 450 3796 ter3
475 3736 533 3781 et
554 3743 790 3781 omnem
814 3723 1041 3781 timebit
1065 3723 1378 3793 ultionem,
1405 3742 1577 3799 quam
1607 3723 1742 3779 irati
1768 3740 1963 3777 earum
1993 3720 2185 3778 mariti
2212 3734 2472 3797 repetere

338 3819 538 3873 volent
563 3838 577 3872 :
601 3834 790 3891 neque
819 3814 1047 3871 felicior
1080 3814 1218 3884 erit,
1247 3834 1419 3889 quam
1443 3816 1565 3889 ipse
1592 3813 1733 3870 deus
1763 3816 1955 3883 Mars,
1977 3812 2055 3867 ita
2086 3824 2159 3869 ut
2176 3832 2470 3889 nunquam

335 3909 398 3965 in
413 3908 701 3965 adulterio
723 3908 1144 3983 deprehensum
1164 3906 1384 3963 nexiles
1395 3904 1701 3961 involvant
1714 3905 1907 3979 laquei
1927 3926 1940 3959 ε
1962 3898 2263 3979 porro-ille
2280 3906 2473 3961 mariti

333 4000 462 4057 Iasi.
481 4000 656 4056 dolor
683 4016 878 4073 poenas
904 3998 1084 4075 exigit
1111 3997 1382 4071 majores,
1421 4013 1595 4073 quam
1624 3995 1717 4051 lex
1748 3996 1867 4050 ulla
1893 3994 2073 4069 possit
2100 3994 2293 4052 dolori
2326 4012 2471 4049 con—

343 4093 564 4151 cedere.
593 4089 706 4149 Hic
728 4090 922 4167 gladio
941 4090 1210 4165 pei-huin
1231 4088 1328 4145 ille
1355 4086 1807 4164 sanguinolentis
1826 4086 2037 4143 ictibus
2057 4086 2309 4143 moechos
2332 4102 2475 4143 con—-
