3050 4884
893 358 999 423 IN
1047 357 1508 425 SATIRAM
1554 356 1957 427 NONAM.
2406 360 2485 426 31

343 472 528 527 holm
541 510 559 539 ,
587 477 780 543 gaudes
805 475 942 526 libris
971 488 1194 525 aevorum
1219 492 1482 545 spargere,
1521 490 1709 526 eornm
1745 473 1967 526 nomina
1990 473 2247 540 inserere,
2278 474 2365 529 vel
2392 492 2493 546 po·

343 556 456 609 tius
485 557 685 627 passim
721 556 1012 619 adnotare,
1040 570 1104 610 ut
1141 554 1214 610 ad
1251 557 1438 629 plures
1467 567 1673 630 spectet
1705 556 1922 611 liberos.
1948 557 2093 612 Vide
2130 558 2200 612 ad
2240 561 2296 612 ΙΙ
2317 598 2333 622 ,
2378 560 2493 612 ι36.

334 666 408 681 —--
450 642 652 691 For-ibus
695 642 934 709 suspende
975 658 1183 691 cometas
1202 660 1226 700 ,-
1281 658 1410 693 nam
1461 640 1680 693 coronis
1728 640 2063 716 ornabantur
2110 642 2251 695 fores
2302 641 2495 695 domus

333 738 636 795 puerpera.
673 732 694 759 ¹

411 868 552 916 Van.
591 866 675 915 86.
710 869 917 927 Posses,
953 882 1046 923 ιι,
1077 868 1155 913 16.

415 960 470 1013 N
471 980 558 1013 or.
595 961 681 1013 86.
717 966 889 1013 Fama·
904 1000 919 1023 ,
943 960 1179 1014 infamiae
1193 1001 1209 1027 ,
1229 978 1496 1031 opponere,
1520 978 1687 1031 quum
1710 960 1799 1015 vel
1822 980 1891 1013 ue
1912 960 2109 1015 dicaris
2130 962 2297 1016 orbus
2317 982 2429 1017 esse
2448 976 2503 1016 et

341 1043 602 1096 inhabilis
641 1045 819 1097 soboli
861 1043 1236 1117 procreanda,
1275 1056 1371 1097 aut
1413 1044 1611 1097 mulier
1646 1058 1699 1098 et
1744 1044 1998 1099 einoeduS.
2045 1045 2245 1099 Confer
2283 1046 2501 1101 Lucillii

341 1126 533 1197 Epigr.
559 1127 701 1193 vn,
731 1128 786 1180 in
817 1128 1048 1181 Brunck.
1077 1128 1230 1181 Anal.
1255 1138 1384 1181 tom.
1410 1128 1495 1191 11,
1526 1144 1654 1199 pag.
1683 1126 1805 1181 318.
1836 1159 1907 1169 —
1933 1133 2089 1179 Fama
2114 1129 2263 1201 apud
2286 1144 2503 1203 poetam

342 1220 452 1273 est,
473 1209 770 1263 secundum
790 1211 860 1262 cl.
888 1213 1156 1275 Crammer,
1183 1222 1316 1262 uota
1340 1209 1565 1262 orbitati
1591 1228 1656 1262 ex
1680 1210 1862 1281 legum
1885 1229 2109 1265 censura
2139 1212 2314 1268 inusta
2330 1252 2349 1277 ‚
2374 1232 2502 1269 nam

343 1310 412 1347 ex
433 1294 552 1364 lege
576 1295 771 1367 Papia,
797 1294 950 1349 haud
975 1295 1166 1367 paullo
1191 1294 1378 1347 mitior
1404 1294 1524 1347 orbi
1547 1293 1794 1350 conditio
1817 1314 1982 1368 quam
2001 1296 2204 1350 celibis
2222 1311 2357 1352 erat.
2395 1302 2500 1355 En.
2528 1306 2533 1315 ’

419 1392 560 1446 Nor.
599 1394 686 1464 87.
724 1398 846 1445 Iura
861 1396 1090 1461 parentis
1107 1432 1124 1457 ,
1155 1410 1274 1464 quae
1294 1389 1460 1461 vulgo
1465 1393 1553 1459 jus
1574 1394 1861 1457 liberorum,
1883 1404 1937 1445 et
1957 1394 2089 1446 Tae.
2118 1392 2254 1444 Anu.
2282 1391 2395 1459 111,
2420 1396 2505 1461 28,

340 1477 603 1547 privilegia
631 1492 906 1546 parentum
947 1475 1222 1543 dicuntur,
1260 1475 1368 1528 boc
1391 1486 1498 1535 est,
1538 1476 1759 1546 premia
1796 1475 2117 1528 maritorum
2152 1488 2506 1547 patrumque,

345 1561 586 1613 bonores
616 1574 670 1613 et
698 1559 1016 1625 commoda,
1047 1574 1111 1613 ut
1142 1558 1260 1612 scil.
1289 1556 1673 1630 prael‘errentur
1700 1558 1823 1611 aliis
1850 1559 1907 1610 in
1938 1558 2201 1630 petitione
2234 1558 2507 1613 honorum

347 1644 480 1715 (vid.
505 1645 684 1699 Tacit.
709 1646 904 1699 Annal.
929 1645 1016 1709 11,
1045 1645 1106 1697 51
1129 1646 1182 1709 )‚
1208 1644 1264 1695 in
1291 1654 1433 1694 sorte
1454 1654 1510 1694 et
1533 1642 1779 1713 longiore
1805 1640 2269 1695 administratione
2290 1643 2510 1715 provin·

347 1728 557 1781 ciarum
583 1726 720 1797 (vid.
741 1729 874 1781 Tac.
896 1734 1035 1781 Anu.
1059 1727 1188 1791 XV,
1213 1744 1296 1794 19,
1317 1737 1372 1777 et
1391 1724 1500 1777 Dio
1519 1723 1657 1775 LIII
1671 1763 1688 1788 ,
1717 1724 1846 1793 13),
1869 1736 1924 1776 et
1944 1724 1999 1776 in
2024 1726 2173 1777 omni
2192 1728 2509 1796 magistratu

352 1812 521 1879 (conf.
562 1810 705 1865 Gen.
737 1810 794 1863 ΙΙ
813 1851 830 1877 ,
871 1810 1096 1881 15)‚'ut
1131 1810 1496 1863 honestiorem
1534 1810 1591 1859 in
1626 1809 1950 1879 spectaculis
1986 1810 2167 1862 locum
2206 1811 2511 1866 obtinerent

349 1891 502 1961 (vid.
518 1894 663 1947 Suet.
681 1896 815 1964 Aug.
844 1896 942 1960 44)
959 1932 976 1959 ,
995 1905 1056 1945 ut
1072 1933 1090 1959 ,
1113 1892 1210 1965 qui
1229 1894 1410 1964 plures
1427 1890 1695 1944 habea-ent
1709 1892 1909 1945 liberos
1921 1932 1935 1955 ,
1960 1892 2017 1944 in
2042 1892 2196 1945 Urbe
2212 1906 2320 1947 tres
2340 1894 2509 1963 (unde

351 1974 496 2029 illud
519 1978 611 2043 jus
642 1978 786 2027 trium
821 1978 1124 2047 liberorum)
1143 2014 1159 2041 ,
1187 1976 1244 2028 in
1272 1975 1430 2028 Italia
1467 1987 1733 2048 quatuor,
1766 1975 1823 2029 in
1856 1974 2150 2047 provinciis
2179 1976 2444 2050 quinque,
2468 1998 2509 2033 u

357 2058 526 2111 tutela
554 2057 778 2130 aliisque
804 2058 1117 2111 muneribus
1137 2058 1516 2129 personalibus
1540 2058 1807 2112 immunes
1828 2070 2007 2113 essent
2020 2098 2037 2123 ,
2060 2072 2163 2113 etc.
2190 2088 2263 2101 -
2300 2061 2507 2126 Multa,

357 2139 540 2213 inquit
566 2144 847 2203 Crammer,
879 2140 951 2195 ad
975 2142 1122 2195 bunc
1149 2142 1330 2195 locum
1356 2141 1575 2195 Satin-ici
1590 2180 1607 2207 ,
1638 2160 1669 2195 e
1696 2142 2041 2214 penitissimis
2069 2141 2509 2215 jurisprudentioe

357 2226 614 2279 Romanas
641 2225 1008 2293 penetralibus
1033 2226 1316 2290 haustum,
1349 2237 1404 2279 et
1435 2226 1504 2277 ab
1540 2226 1925 2297 interpretibus
1956 2223 2029 2280 ad
2062 2242 2231 2281 unum
2258 2228 2510 2283 omnibus

353 2306 585 2378 pessime
630 2306 808 2362 adhuc
845 2322 1134 2363 tractatum
1153 2348 1170 2375 ,
1207 2310 1314 2363 dici
1353 2322 1609 2381 poterant
1626 2350 1644 2375 ,
1686 2309 1933 2380 inprimis
1972 2323 2099 2381 post
2134 2309 2344 2365 detecta
2384 2312 2511 2367 Gaii

353 2390 392 2443 J
395 2388 483 2442 Cti
515 2389 690 2462 opima
733 2392 906 2463 spolia
938 2392 1166 2445 verone
1205 2411 1490 2465 suspensa,
1536 2394 1639 2447 nisi
1678 2392 2020 2463 diligentiam
2056 2407 2303 2451 nostram
2338 2414 2513 2468 nuper

357 2475 710 2545 prava-tinet
730 2474 998 2529 industria
1038 2489 1090 2528 et
1111 2474 1348 2529 eruditio
1369 2477 1474 2530 viri
1501 2477 1665 2548 ampl.
1692 2476 1942 2547 Hugonis
1964 2475 2021 2528 in
2048 2478 2256 2532 Histor-
2281 2478 2509 2552 Jurispr.

361 2558 515 2611 Rom.
541 2576 665 2630 pag.
689 2557 816 2629 557,
843 2557 978 2611 edit.
1010 2571 1231 2615 octavae.
1265 2560 1372 2613 En.

429 2716 572 2765 Vsa.
613 2716 696 2765 88.
733 2715 905 2781 Legati
926 2732 1098 2778 omne,
1128 2726 1226 2777 44,
1251 2716 1397 2781 prob.
1427 2716 1601 2765 Heius.
1629 2714 1693 2763 ad
1714 2715 1862 2763 Ovid.
1882 2717 2003 2763 Her.
2028 2716 2183 2779 Epist.
2201 2718 2351 2777 vm,
2384 2729 2482 2777 104
2499 2758 2513 2779 ‚

357 2815 510 2863 quem
539 2799 640 2848 vid.
673 2800 771 2848 Sed
803 2800 1074 2848 verendum
1107 2810 1180 2847 est
1196 2836 1210 2860 ,
1244 2816 1310 2847 ne
1339 2810 1494 2863 poetae
1523 2800 1596 2847 sic
1624 2800 1859 2863 elegantia
1897 2799 2219 2861 obtrudatur,
2252 2818 2361 2866 quae
2389 2806 2513 2853 forte

359 2882 497 2931 nulla
524 2892 622 2945 est,
648 2892 696 2929 et
713 2898 858 2945 qnam
879 2892 963 2930 aut
987 2884 1200 2947 respuit,
1218 2894 1300 2930 aut
1318 2897 1425 2930 non
1445 2882 1735 2931 recordatus
1750 2893 1839 2932 est.
1860 2882 2043 2931 Confer
2059 2883 2187 2932 infra
2204 2884 2271 2933 ad
2288 2888 2335 2933 X
2352 2922 2368 2947 ,
2395 2889 2512 2939 155.

362 2994 437 3005 ——
455 2966 642 3032 Rapis,
679 2967 759 3015 18.

437 3060 580 3111 Nor.
619 3057 848 3128 87—90.
889 3060 1029 3127 Lege
1047 3056 1214 3129 Papia
1238 3058 1470 3128 Poppaea
1488 3070 1708 3109 cautum
1726 3070 1869 3121 erat,
1888 3070 1950 3111 ut
1968 3058 2182 3113 caelibes
2198 3079 2265 3112 ex
2283 3061 2515 3114 aliorum

367 3144 698 3197 testamentis
725 3145 862 3197 nihil
887 3156 1170 3215 caperent,
1201 3143 1302 3195 nisi
1322 3162 1352 3195 e
1377 3141 1624 3213 proxime
1646 3146 1987 3216 junctorum,
2012 3157 2065 3197 et
2086 3145 2188 3197 nisi
2216 3158 2340 3216 post
2366 3158 2521 3201 testa·

369 3226 504 3279 toris
529 3242 756 3282 mortem
787 3228 930 3282 iutra
958 3226 1307 3280 centesimum
1335 3224 1480 3279 diem
1510 3227 1917 3280 matrimonium
1950 3229 2365 3295 contraherent;
2396 3232 2521 3283 orbi

371 3328 486 3362 uon
509 3310 611 3363 nisi
637 3309 956 3375 dimidium3
982 3310 1212 3363 solitarii
1234 3328 1363 3363 vero
1379 3349 1393 3373 ,
1420 3310 1528 3362 hoc
1546 3323 1653 3375 est,
1681 3310 1841 3363 unius
1861 3310 1965 3361 filii
1987 3312 2071 3363 vel
2100 3310 2223 3363 filiae
2244 3325 2519 3383 parentes,

369 3396 584 3461 legatum
607 3412 748 3444 omne
773 3394 882 3446 sive
908 3390 1144 3445 solidum
1161 3412 1175 3457 ;
1195 3402 1216 3428 ²
1241 3404 1407 3465 utque
1427 3392 1639 3446 decima
1668 3411 1794 3464 pars
1819 3393 1984 3464 legati
2003 3396 2193 3445 caduca
2219 3407 2387 3467 esset,
2407 3398 2519 3450 sive

369 3476 431 3527 in
448 3476 638 3529 fiscum
657 3480 875 3535 endec-et,
902 3476 944 3528 si
966 3475 1256 3547 legatarius
1284 3490 1489 3529 careret
1511 3476 1715 3529 liberis.
1743 3472 1767 3511 3
1807 3504 1878 3515 —-
1918 3478 2198 3541 caducum,
2231 3476 2383 3547 quod
2406 3480 2521 3533 sine

1220 3646 1685 3665 mmmmm

451 3790 470 3815 Ι
511 3782 636 3831 Vide
651 3781 824 3843 advl,
841 3778 1130 3842 51‚Mems.
1152 3777 1404 3829 Att.Lect.
1493 3779 1630 3843 quod
1653 3780 1846 3844 Lipsius
1872 3780 2212 3845 suspicabatur
2229 3784 2284 3831 in
2310 3784 2427 3832 Exe.
2452 3784 2513 3831 ad

380 3862 472 3923 IV,
497 3877 584 3919 103
609 3862 827 3926 sagittar.
852 3862 913 3909 de
931 3861 1230 3910 sanmvm.
1252 3876 1295 3909 e.
1315 3862 1404 3922 30,
1491 3860 1647 3907 Tacit.
1678 3860 1855 3907 Annal.
1876 3862 1979 3921 111,
2008 3862 2237 3914 25—28.

377 3942 412 4009 S
431 3960 522 4003 ao,
558 3952 607 3991 et
631 3944 901 3993 Bartholin·
938 3938 1003 3992 de
1032 3945 1245 4009 Puerpp.
1273 3945 1405 3991 Vett.
1568 3932 1593 3972 3
1630 3939 1898 4003 Ulpianus,
1932 3942 2009 3990 tit.
2048 3957 2104 4002 17
2134 3958 2145 3987 :
2174 3964 2197 3983 ··
2216 3942 2368 4004 Quod
2385 3940 2520 4005 quis-

380 4038 435 4088 p.
485 4024 600 4072 125.
1495 4020 1686 4081 inquit,
1714 4019 1811 4068 sibi
1845 4030 2134 4069 testamento
2174 4020 2419 4078 relictum,
2453 4021 2521 4067 ita

459 4108 483 4134 ⁸
519 4104 641 4152 Non
683 4103 920 4165 maiorem
965 4112 1157 4151 tantum
1193 4110 1406 4167 partem,
1497 4107 1553 4145 ut
1572 4098 1681 4158 iure
1707 4098 1839 4148 civili
1863 4116 2035 4166 capere
2060 4099 2243 4164 possit,
2273 4100 2435 4163 nuqua
2458 4114 2521 4146 ex
