3050 4884
724 598 1220 693 SATIRAE
1280 586 1794 688 DECIMAE
1847 599 2383 714 QUARTAE

1224 779 1887 844 ARGUMENTUM.

940 1018 1031 1066 1112
1049 1017 1197 1070 docet
1213 1019 1449 1083 exemplis
1470 1028 1613 1066 natm
1639 1019 1762 1066 mala
1787 1020 1886 1067 vita
1909 1029 2183 1084 parentum.

940 1111 1129 1162 Imbuit
1148 1113 1389 1178 exemplis
1408 1123 1554 1161 natos
1573 1114 1696 1162 mala
1717 1114 1816 1162 vite
1837 1125 2114 1180 parentum.

535 1264 609 1304 u)
634 1265 949 1303 tuscanum.
971 1279 1043 1290 —
1059 1257 1203 1302 ΠΕΡΙ
1226 1258 1555 1304 ANAmrnN
1577 1258 1737 1304 ΠΡΟΣ
1758 1259 2114 1306 <bomon
2133 1254 2506 1321 (oomuNoN
2531 1251 2585 1304 in

734 1335 851 1385 Lat.
871 1333 1005 1386 Exc.
1035 1333 1177 1386 Pith.
1194 1338 1235 1404 ).
1257 1363 1325 1374 —
1343 1351 1421 1386 nn
1442 1352 1960 1388 tn'rrrurxomnus.
1979 1365 2053 1377 —
2071 1353 2384 1388 rimarunt

424 1480 435 1490 ⁸
484 1429 771 1467 uxum-LA.
792 1434 1095 1470 -COITRL
1117 1435 1296 1482 unos,
1322 1435 1429 1480 qu
1454 1435 1634 1470 unos
1655 1435 1856 1472 PnAvxs
1872 1435 2220 1471 lnsrnuunr
2241 1434 2633 1470 nominamus.

2111 1509 2140 1536 0

571 1645 826 1701 Plurima
848 1657 983 1702 sunt
1016 1648 1235 1722 turpia,
1261 1667 1388 1723 quae
1416 1660 1683 1723 parentes
1716 1660 1832 1705 tam
1861 1647 2136 1723 exemplis
2153 1690 2170 1718 ,
2206 1667 2378 1723 quam
2405 1645 2628 1702 institu-

494 1745 654 1804 tione
677 1767 742 1804 ac
762 1751 1061 1826 praeceptis
1086 1751 1303 1810 liberos
1322 1735 1538 1822 docent
1553 1794 1568 1820 ,
1589 1772 1673 1824 νβ.
1710 1753 1880 1812 ι-,-3.
1903 1753 1968 1808 Si
1993 1751 2077 1820 illi
2099 1752 2464 1818 oblectantur
2485 1751 2600 1809 alea
2618 1792 2635 1821 ,

494 1852 588 1906 vel
614 1851 856 1909 delicate
881 1865 940 1910 et
960 1855 1217 1910 molliter
1234 1853 1469 1923 vivunt,
1494 1855 1588 1909 vel
1609 1873 1806 1911 servos
1823 1856 2133 1912 inhumane
2165 1866 2440 1924 tractant,
2469 1855 2639 1911 etiam

493 1956 557 2010 hi
581 1967 805 2014 mature
833 1958 1063 2015 discunt
1092 1957 1326 2027 ludere,
1355 1958 1578 2032 epulari
1604 1977 1670 2013 ac
1699 1957 1924 2027 saevire,
1957 1961 2169 2026 4—-25,
2195 1958 2336 2014 Filia
2366 1957 2640 2014 adulterae

496 2057 734 2130 iisdem,
775 2060 987 2134 quibus
1018 2071 1221 2130 mater,
1254 2060 1549 2116 amoribus
1581 2061 1877 2137 indulget,
1921 2060 2175 2118 25—30.
2215 2063 2270 2118 N
2273 2079 2338 2118 ec
2375 2062 2590 2124 mirum
2623 2084 2636 2117 :

494 2171 703 2222 natura
734 2162 889 2217 enim
912 2163 997 2248 ite
1019 2173 1412 2238 comparatum
1431 2175 1548 2236 est,
1581 2176 1648 2220 ut
1679 2163 1742 2220 in
1777 2166 2083 2240 exemplis,
2109 2167 2398 2241 praecipue
2428 2186 2640 2242 paren-

504 2274 627 2320 tum
644 2306 663 2336 ,
692 2267 939 2332 maxima
961 2267 1038 2332 sit
1062 2269 1176 2338 vis,
1210 2279 1269 2325 et
1295 2255 1516 2330 animus
1542 2270 1847 2334 hominum
1875 2270 2056 2346 magis
2079 2269 2155 2325 ad
2174 2269 2344 2341 vitia,
2371 2290 2541 2345 quam
2566 2269 2642 2326 ad

498 2369 778 2427 virtutem
802 2373 1067 2442 inclinet,
1102 2373 1356 2442 31—43.
1394 2375 1537 2443 Quae
1569 2393 1751 2449 quum
1781 2375 1862 2430 ita
1881 2374 2024 2444 sint,
2053 2393 2189 2430 cave
2219 2393 2294 2430 ne
2325 2375 2642 2450 quidquam

495 2474 790 2532 inhonesti
825 2485 885 2532 et
919 2476 1209 2549 obscoeni,
1251 2479 1343 2534 vel
1377 2477 1532 2534 dicas
1560 2479 1655 2534 vel
1683 2477 1854 2534 facias
1882 2496 2076 2534 coram
2109 2477 2304 2533 liberis
2323 2519 2342 2548 ,
2385 2484 2635 2554 44—49.

500 2579 621 2663 Qui
647 2579 697 2634 si
720 2598 845 2636 non
872 2579 989 2638 oris
1019 2591 1244 2638 tantum
1272 2592 1331 2638 et
1358 2582 1620 2657 corporis
1641 2623 1658 2654 ,
1690 2581 1796 2638 sed
1822 2582 1998 2637 animi
2022 2601 2256 2658 quoque
2280 2582 2484 2640 habitu
2513 2602 2644 2639 mo—

499 2681 777 2757 ribusque
810 2684 919 2740 tibi
952 2685 1171 2742 fuerint
1197 2685 1407 2743 similes
1444 2697 1505 2743 et
1541 2687 1805 2762 exemplo
1834 2697 1936 2743 tuo
1969 2687 2335 2762 peccaverint
2350 2729 2369 2760 ,
2409 2697 2646 2743 tuorum

500 2790 612 2845 tibi
636 2791 897 2848 conscius
923 2792 1201 2856 vitiorum
1216 2834 1233 2864 ,
1265 2811 1364 2849 eos
1392 2793 1667 2868 castigare
1697 2803 1756 2848 et
1782 2791 1990 2867 punire
2026 2809 2149 2847 non
2180 2791 2444 2861 audebis,
2490 2788 2645 2846 50-

496 2891 597 2949 58.
640 2893 854 2950 Amicis
891 2896 967 2950 ad
1008 2913 1225 2951 coenam
1258 2895 1514 2951 invitatis
1539 2935 1558 2964 ,
1594 2894 1755 2950 omni
1786 2912 1962 2969 opera
1990 2894 2260 2963 eniteris,
2289 2904 2356 2948 ut
2387 2893 2642 2967 supellex

499 2999 657 3053 lauta
685 2997 759 3052 sit
781 3008 954 3072 atque
982 2997 1315 3071 magnifica3
1355 2998 1502 3053 iilud
1535 3017 1678 3054 vero
1714 3017 1835 3054 non
1873 3017 2065 3069 curas»,
2108 3009 2174 3053 ut
2203 2995 2310 3052 filii
2342 2998 2577 3054 domum
2615 3021 2650 3054 a

502 3104 669 3178 culpa
703 3103 864 3178 quasi
890 3102 1235 3180 flagitiisque
1266 3123 1503 3160 vacuam
1534 3115 1594 3160 et
1622 3105 1840 3179 probos
1873 3121 2066 3159 mores
2083 3143 2100 3173 ,
2138 3113 2408 3176 tanquam
2435 3121 2646 3176 specu-

498 3211 651 3281 lum,
683 3209 1033 3279 intueantur,
1073 3208 1328 3286 59—69.
1358 3211 1513 3266 Bene
1550 3209 1624 3266 de
1655 3208 1840 3283 patria
1872 3217 2159 3277 meretur,
2199 3205 2302 3280 qui
2337 3205 2554 3262 liberos
2591 3206 2647 3263 ei

501 3313 722 3390 gignit,
749 3313 929 3370 modo
960 3325 1159 3383 curet,
1186 3325 1254 3368 ut
1280 3313 1469 3369 eidem
1498 3313 1666 3369 utiles
1695 3312 1838 3383 sint,
1870 3328 2122 3384 70--72-
2149 3307 2472 3365 Plurimum
2497 3329 2642 3368 vero

500 3418 767 3487 interest,
794 3417 1006 3492 quibus
1032 3417 1121 3474 illi
1144 3415 1405 3474 moribus
1431 3419 1766 3492 artibusque
1791 3415 2199 3484 instituantur,
2229 3423 2288 3469 et
2312 3415 2506 3487 quales
2528 3415 2646 3471 sint

501 3535 790 3599 parentes,
827 3522 1101 3598 quoniam
1124 3523 1198 3577 ab
1220 3520 1289 3577 iis
1312 3523 1572 3596 exempla
1593 3533 1856 3592 sumunt,
1881 3531 1968 3591 et,
1991 3537 2118 3594 quae
2141 3538 2174 3572 a
2202 3519 2416 3576 teneris
2437 3521 2648 3596 ungui-

506 3627 649 3684 culis
668 3627 988 3699 discuntur,
1005 3625 1295 3684 mentibus
1313 3623 1490 3681 infixa
1512 3625 1760 3696 haerent,
1795 3624 1957 3700 quod
1978 3625 2071 3681 vel
2089 3623 2420 3681 animalium
2443 3644 2643 3682 exem-

498 3735 593 3808 pla
614 3733 905 3807 probant:
936 3751 1069 3788 nam
1098 3733 1357 3800 ciconiae,
1388 3729 1636 3786 vulturis
1665 3740 1724 3784 et
1751 3727 1954 3804 aquilae
1977 3727 2122 3801 pulli
2150 3727 2410 3784 eamdem
2427 3769 2445 3798 ,
2472 3746 2644 3801 quam

501 3847 791 3912 parentes,
823 3839 1009 3892 victus
1038 3834 1512 3893 consuetudinem
1537 3851 1644 3908 per
1669 3843 1850 3889 totam
1871 3833 2050 3888 vitam
2080 3843 2342 3904 servant,
2386 3832 2638 3903 73—85.

500 3941 781 3999 Similiter
808 3938 1217 3998 aedificatorem
1236 3938 1388 3996 filius
1414 3937 1674 3993 imitatur
1697 3935 1968 4014 (86-95
1983 3935 2035 4013 ),
2067 3947 2126 3993 et
2149 3937 2379 4012 parvuli
2403 3940 2438 3992 J
2443 3938 2638 3994 udaeo-

500 4065 629 4101 rum
656 4045 799 4102 nihil
834 4045 907 4101 de
940 4043 1378 4118 superstitione,
1404 4040 1677 4098 institutis
1701 4041 2076 4116 moribusque
2103 4041 2356 4115 paternis
2380 4051 2636 4109 mutant,

1491 4219 1537 4269 θ’
1595 4274 1604 4283 .
