3050 4884
851 309 1213 376 SATmA
1257 307 1883 377 DUODECIMA.
2320 337 2445 403 207

292 431 382 498 Et
409 423 826 496 claudentem
857 424 1090 496 oculos
1123 423 1436 522 gallinam
1471 424 1814 520 impendat
1838 429 2061 499 amico

290 540 464 607 Tam
497 535 746 606 sterili:
776 561 1016 606 verum
1045 537 1194 607 haec
1219 535 1428 606 nimia
1453 551 1551 606 est
1582 537 1921 632 impensa3
1954 541 2272 612 coturnix

291 645 504 717 Nulla
538 669 838 741 unquam
877 671 1004 740 pro
1043 661 1234 742 patre
1265 645 1476 716 cadet.
1506 647 1773 716 Sentire
1802 646 2093 722 calorem

289 758 368 826 Si
399 758 607 851 coepit
639 754 938 851 locuples
973 754 1224 826 Gallita
1254 771 1321 827 et
1357 757 1637 827 Paccius
1674 758 1862 848 orbi,

290 869 633 962 Legitime
661 866 809 936 fixis
843 869 1128 937 vestitur
1153 881 1298 936 tota
1321 865 1585 936 tabellis
2264 855 2285 884 ¹
2359 907 2457 943 100

291 979 610 1048 Porticus
638 1005 655 1049 τ
694 979 1052 1064 exsistunt,
1089 978 1206 1072 qui
1238 979 1645 1072 promittant
1673 978 2160 1069 hecatomben,

295 1087 654 1176 Quatenus
677 1089 792 1159 hic
827 1113 970 1160 non
1004 1103 1164 1159 sunt
1196 1113 1324 1158 nec
1351 1087 1617 1159 venales
1649 1087 2030 1184 elephanti,
2108 1077 2117 1094 ⁴

295 1199 452 1267 Nec
488 1198 720 1285 Latio,
765 1214 883 1268 aut
911 1223 1196 1294 usquam
1224 1214 1460 1270 nostro
1492 1200 1617 1268 sub
1647 1197 1861 1269 sidere
1894 1200 2045 1270 talis

295 1305 512 1377 Belua
537 1309 954 1403 concipitur3
979 1307 1094 1378 sed
1117 1307 1317 1378 furva
1343 1324 1545 1406 gente
1571 1310 1816 1404 petita:

295 1406 678 1488 Arboribus
705 1417 972 1490 Rutulis
997 1433 1067 1488 et
1094 1419 1312 1488 Turni
1336 1420 1638 1514 pascitur
1658 1443 1857 1515 agro,
1976 1471 1983 1477 -
2361 1441 2459 1495 105

297 1530 582 1600 Caesaris
615 1544 990 1600 armentum
1009 1581 1030 1616 ‚
1065 1529 1236 1599 nulli
1277 1530 1528 1600 servire
1564 1547 1875 1625 paratum

299 1639 610 1727 Privat03
644 1640 968 1734 siquidem
1004 1642 1211 1735 Tyrio
1251 1663 1491 1734 parere
1527 1639 1833 1710 solebant

303 1749 705 1836 Hannibali,
737 1766 805 1820 et
827 1752 1072 1820 nostris
1097 1750 1382 1824 ducibus
1398 1804 1418 1839 ,
1450 1753 1725 1848 regique
1748 1747 2047 1824 Molosso

303 1864 578 1930 Horum
613 1860 942 1955 majores,
972 1888 1050 1932 ac
1077 1863 1281 1932 dorso
1311 1861 1494 1933 vferre
1519 1861 1871 1954 cohortes,

311 1973 580 2042 Partem
607 1972 900 2067 aliquam
929 1971 1084 2042 belli
1101 2026 1121 2059 ‚
1155 1989 1224 2042 et
1249 1989 1520 2044 euntem
1548 1976 1621 2043 in
1644 1974 1873 2070 praelia
1900 1976 2163 2048 turrim.
2368 2013 2467 2049 no

309 2081 519 2153 Nulla
546 2085 756 2179 igitur
788 2107 980 2153 mora
1009 2107 1134 2177 per
1165 2085 1498 2170 Novium,
1531 2110 1723 2154 mora
1752 2084 1936 2154 nulla
1962 2113 2084 2182 per
2110 2089 2423 2160 Histrum

311 2196 722 2281 Pacuvium,
747 2196 916 2290 quin
943 2193 1111 2264 illud
1137 2195 1306 2291 ebur
1333 2195 1623 2266 ducatur
1650 2195 1735 2266 ad
1760 2189 1939 2286 aras,

314 2411 418 2486 qui
434 2452 454 2482 ,
485 2419 556 2466 ut
579 2407 940 2487 gratificetur
956 2407 1242 2483 ejmmodi
1261 2409 1469 2480 amico,
1491 2429 1525 2466 a
1548 2425 1667 2484 quo
1689 2409 1837 2467 nihil
1858 2411 2207 2485 sperandum
2222 2453 2239 2484 ,
2266 2422 2475 2489 utpote

316 2503 422 2578 qui
440 2502 516 2560 sit
533 2513 722 2579 pater,
735 2503 954 2577 quique
973 2502 1192 2560 liberos
1212 2503 1422 2560 habent
1435 2543 1454 2575 ‚
1475 2504 1781 2560 immolare
1800 2485 2069 2579 gallinam
2090 2504 2233 2562 velit
2253 2509 2477 2564 morbi·

317 2595 454 2652 dam
484 2605 546 2650 et
569 2594 976 2653 moribundam
989 2637 1010 2667 ‚
1039 2593 1221 2652 immo
1247 2592 1530 2670 (namque
1564 2595 1683 2650 haec
1716 2593 1838 2669 ipsa
1867 2594 2083 2652 scilicet
2111 2595 2337 2671 gallina·
2364 2598 2477 2654 im-

315 2707 494 2766 pensa
515 2687 691 2745 nimia
715 2687 825 2765 est)
849 2689 1210 2746 coturnicem
1225 2688 1252 2743 i*
1271 2691 1351 2746 At
1367 2707 1534 2756 vero,
1556 2687 1607 2743 si
1624 2687 1834 2744 Gallim
1848 2731 1864 2758 ‚
1886 2687 1935 2744 si
1954 2689 2204 2760 Paccius,
2227 2691 2328 2764 qui
2346 2689 2477 2766 opi-

316 2781 430 2838 bus
449 2781 764 2851 abundant,
785 2780 888 2856 qui
906 2780 1106 2838 liberis
1121 2789 1338 2850 carent,
1358 2779 1651 2836 febriculae
1670 2789 1815 2836 aestn
1832 2789 2148 2850 tentantur,
2172 2782 2477 2841 confestim

319 2874 520 2932 videas
540 2874 742 2949 templi
763 2872 1052 2950 porticum
1073 2885 1256 2930 totam
1277 2875 1551 2931 refertam
1576 2873 1817 2944 tabellis,
1837 2873 1899 2928 in
1920 2873 2133 2948 quibus
2156 2885 2477 2950 captatores

321 2967 734 3042 dmfipserint
761 2977 900 3024 vota
925 2987 1024 3024 sun
1053 2985 1164 3042 pro
1197 2967 1436 3024 illorum
1463 2965 1863 3023 incolumitate
1894 2966 2007 3023 rite
2032 2981 2291 3043 suspecta
2314 2991 2328 3026 :
2358 2989 2481 3028 non

323 3061 564 3130 denunt,
587 3061 690 3135 qni
709 3047 1052 3118 sucrificium
1076 3073 1310 3117 centum
1325 3061 1504 3118 boum
1525 3077 1587 3117 se
1610 3059 1862 3116 facturos
1878 3061 2283 3136 polliceantur,
2299 3064 2483 3140 siqui-

324 3154 462 3210 dem
485 3155 686 3210 Rome
708 3172 830 3209 non
852 3153 1192 3212 venduntur
1213 3153 1538 3227 elephanti,
1567 3152 1759 3209 necin
1786 3151 1949 3209 Italia
1970 3165 2029 3211 et
2052 3156 2265 3211 nostris
2286 3159 2484 3233 regio-

323 3246 498 3302 nibus
519 3245 640 3302 iste
662 3246 868 3302 bellua
893 3256 1229 3313 nascuntur,
1251 3245 1354 3302 sed
1375 3246 1450 3300 ab
1469 3244 1681 3302 Africae
1702 3255 1801 3300 aut
1822 3245 1971 3302 Λεία
1998 3246 2333 3320 longinquis
2364 3249 2483 3305 oris

328 3339 718 3396 abducuntur.
764 3341 1109 3395 Armentum
1149 3351 1340 3395 autem
1375 3340 1821 3416 elephantorum
1862 3337 2024 3413 quod
2064 3340 2299 3396 Caesa-ris
2339 3360 2483 3416 pro-

329 3431 522 3508 prium
548 3443 668 3502 eet,
701 3442 760 3487 et
787 3431 950 3506 quod
979 3427 1038 3486 in
1067 3431 1457 3502 Rutulorum,
1487 3431 1701 3506 quibus
1724 3430 1863 3488 olim
1890 3431 2197 3504 imperavit
2214 3433 2477 3510 Turnus,

331 3524 544 3600 campis
558 3523 838 3600 pascitur,
847 3525 1104 3582 nobilius
1117 3535 1202 3581 est
1215 3541 1389 3598 quam
1405 3523 1569 3598 quod
1584 3523 1823 3598 privatis
1837 3521 2171 3579 hominihus
2186 3527 2484 3602 mancipe..

334 3628 444 3676 tur.
467 3619 622 3689 Quia
641 3616 862 3675 scilicet
883 3617 1129 3675 istorum
1156 3617 1599 3692 elephantorum
1622 3617 1888 3690 majores,
1912 3633 2033 3672 non
2053 3617 2127 3674 ad
2146 3619 2289 3676 alios
2312 3641 2487 3696 quam

331 3711 622 3769 bellorum
644 3729 778 3768 usus
798 3730 831 3767 a
851 3711 1098 3770 ducibus
1119 3710 1362 3783 nostris,
1386 3711 1643 3784 itemque
1662 3709 1975 3779 Annibale,
1999 3719 2058 3766 et
2080 3711 2329 3786 Pyrrho,
2349 3717 2489 3775 Mo-

331 3805 618 3862 lossorum
642 3807 769 3882 regi
783 3845 802 3874 ,
819 3805 1083 3861 solebant
1103 3803 1368 3862 adhiberi
1384 3844 1401 3873 ,
1433 3823 1615 3880 quum
1642 3819 1847 3860 eorum
1872 3807 2041 3880 tergo
2068 3814 2259 3863 turres
2278 3810 2487 3868 militi-

331 3896 439 3955 bus
456 3899 680 3954 bellum
701 3897 946 3973 gestui-is
960 3896 1424 3974 imponerentur,
1449 3916 1514 3953 ac
1533 3895 1749 3954 medias
1768 3895 1830 3951 in
1846 3895 1995 3952 acies
2010 3896 2485 3961 immitterentur.

329 3991 446 4049 Sed
481 3990 782 4066 elephanti
807 3991 1007 4044 Romae
1039 3989 1088 4045 si
1121 3989 1225 4065 qui
1259 4009 1416 4046 nunc
1446 4001 1664 4058 essent,
1703 3987 1967 4062 profecto
1994 4007 2119 4045 non
2150 3991 2487 4053 dubitarent
2508 4062 2521 4073 ,

329 4085 558 4144 Novius
587 4093 649 4140 et
679 4080 876 4140 Hister
901 4080 1180 4140 Pacuvius
1210 4081 1446 4140 eosdem
1473 4079 1765 4140 adducere
1792 4079 1866 4138 ad
1892 4081 2118 4156 altaria,
2144 4092 2201 4138 et
2222 4081 2351 4140 illos
2374 4103 2485 4160 pro
