3050 4884
819 337 1167 436 s‘A‘rmA
1212 370 1603 438 nEcfflA
1638 371 2035 441 marm.
2362 383 2486 460 243

350 486 496 556 Nos
521 484 872 554 hominum
900 486 1264 583 divumque
1296 487 1494 558 fidem
1528 485 1820 558 clamore
1851 489 2131 578 ciemus,

338 596 621 684 Quanto
659 597 1014 668 Faesidium
1047 594 1272 666 laudat
1304 597 1550 668 vocalis
1584 615 1891 695 agentem

344 704 681 800 Sportula.
714 706 845 776 Dic
871 707 1095 776 senior
1119 704 1302 777 bulla
1328 708 1719 804 dignissime
1736 764 1755 797 ‚
1792 713 2035 798 nesciS,

348 816 532 905 Quas
568 817 805 887 habeat
832 819 1130 888 Veneres
1165 817 1375 888 aliena
1412 821 1741 916 pecunia?
1775 823 2023 912 nesciS,

346 925 570 1013 Quem
607 942 720 997 tua
754 928 1138 1023 simplicitas
1175 931 1387 1000 risum
1423 933 1627 1028 vulgo
1666 950 1962 1020 moveat,
2002 959 2213 1030 quum
2242 923 2252 934 ’
2424 957 2491 1010 35

347 1037 573 1131 Exigis
602 1063 642 1106 a
671 1064 1012 1134 quoquam
1031 1093 1048 1126 ‚
1087 1065 1178 1110 ne
1209 1043 1490 1136 pejeret,
1532 1057 1599 1134 et
1628 1059 1825 1138 putet
1852 1044 2003 1115 ullis

349 1136 510 1220 Esse
540 1150 813 1246 aliquod
847 1179 1104 1222 numen
1135 1153 1401 1249 templis
1437 1178 1704 1251 araeque
1746 1157 2059 1227 rubenti?

347 1261 714 1348 Quondam
741 1263 874 1332 hoc
899 1263 1232 1358 indigenae
1259 1265 1581 1335 vivebant
1610 1291 1831 1350 more,
1870 1268 2265 1363 priusquam

349 1371 656 1440 Sumeret
679 1387 998 1465 agrestem
1029 1375 1246 1466 posito
1275 1372 1647 1440 diademate
1674 1371 1910 1441 falcem

349 1480 680 1572 Saturnus
711 1481 1004 1575 fugiens3
1042 1496 1243 1568 tunc,
1279 1505 1490 1576 quum
1521 1479 1920 1574 virguncula
1945 1485 1985 1552 J
1990 1510 2157 1570 uno,
2428 1513 2495 1570 40

350 1593 438 1660 Et
471 1591 770 1684 privatus
790 1592 1024 1661 'adhuc
1057 1591 1251 1662 Idaeis
1281 1591 1551 1686 Jupiter
1585 1593 1812 1661 antris.

229 1695 240 1705 ’
349 1697 554 1769 Nulla
587 1724 787 1795 super
814 1702 1026 1770 nubes
1057 1701 1368 1770 convivia
1395 1699 1900 1790 Caelicolarum,

350 1811 498 1880 Nec
527 1834 694 1904 puer
719 1809 990 1897 Iliacus,
1023 1811 1318 1880 formosa
1349 1835 1474 1881 nec
1501 1811 1811 1883 Herculis
1843 1839 2015 1883 uxor
2072 1861 2079 1868 -

350 1921 456 1990 Ad
490 1922 794 2016 cyathos,
831 1937 898 1990 et
925 1920 1066 2013 jam
1104 1921 1352 1992 siccato
1387 1936 1657 2004 nectare
1692 1937 1961 2018 tergens

349 2031 631 2099 Brachia
657 2030 1000 2100 Vulcanus
1033 2033 1569 2125 Liparaea‘nigra
1606 2031 1899 2098 taberna.
2428 2051 2495 2111 45

351 2141 724 2212 Prandebat
757 2140 880 2208 sibi
918 2136 1202 2232 quisque
1233 2137 1450 2222 Deus;
1489 2161 1619 2207 nec
1652 2139 1849 2207 turba
1880 2139 2181 2212 Deorum

349 2249 558 2336 Talis,
593 2265 672 2319 ut
697 2263 797 2317 est
821 2245 1051 2332 hodie,
1085 2259 1533 2340 contentaque
1560 2247 1777 2318 sidera
1804 2241 2035 2342 paucis

353 2471 544 2517 tamen
581 2459 870 2534 Superum
905 2453 1326 2528 hominumque
1365 2451 1541 2510 fidem
1583 2453 1963 2530 imploramus
2012 2457 2263 2517 clamore
2302 2471 2501 2539 tanto,

354 2563 633 2629 quantum
659 2549 834 2606 edere
861 2547 1050 2604 solent
1077 2547 1306 2603 venales
1341 2546 1565 2602 Faesidii
1604 2547 1870 2618 clientes,
1913 2567 2089 2622 quum
2118 2550 2204 2607 iui
2233 2556 2407 2611 verba
2436 2558 2501 2614 in

353 2644 486 2702 foro
515 2638 748 2699 facienti
783 2640 1156 2715 applaudunt.
1193 2641 1432 2714 Ignoras
1465 2639 1709 2707 scilicet,
1746 2658 1783 2695 o
1812 2639 1967 2694 bone
1996 2657 2193 2712 senex,
2236 2655 2293 2700 et
2322 2646 2499 2722 digne

355 2737 448 2794 cui
488 2735 875 2810 appendatur,
907 2742 976 2788 ut
1017 2730 1237 2806 pneris,
1281 2749 1313 2786 e
1345 2729 1498 2785 collo
1528 2729 1720 2796 bulla,
1768 2728 2028 2806 ignoras,
2062 2732 2324 2807 inquam,
2358 2757 2499 2812 quas

353 2827 539 2885 aliena
571 2825 814 2898 pecunia
847 2823 1146 2878 illecebras
1189 2821 1422 2888 habeat,
1463 2829 1521 2875 et
1560 2839 1681 2894 quo
1712 2821 1833 2876 risu
1876 2819 2297 2895 simplicitatem
2340 2837 2501 2886 tuam

353 2918 616 2977 homines
637 2925 1091 2992 prosequantur,
1137 2930 1318 2986 quum
1349 2931 1378 2967 a
1413 2913 1686 2987 quopiam
1717 2915 1999 2988 postulas,
2040 2935 2113 2972 ne
2140 2917 2342 2974 salsum
2364 2921 2499 2994 jus...

347 3001 664 3090 jurandum
698 3009 886 3076 dicat,
928 3018 984 3063 et
1021 3005 1208 3064 inesse
1232 3004 1432 3061 credat
1465 3003 1715 3078 aliquam
1743 3007 1862 3061 vim
1895 3005 2148 3065 divinam
2177 3014 2405 3088 templis
2439 3027 2500 3072 et

354 3103 629 3164 altaribus
649 3100 1012 3159 victimarum
1031 3097 1308 3174 sanguine
1330 3096 1573 3153 infectis.
1600 3097 1734 3155 Haec
1755 3117 1889 3156 sane
1914 3100 2200 3176 probitas,
2226 3105 2287 3160 hi
2306 3126 2497 3165 mores
2572 3113 2587 3142 ‘

354 3205 520 3257 erant
547 3195 738 3252 usitati
769 3192 924 3270 apud
945 3192 1163 3266 primos
1183 3190 1358 3246 ltaliae
1388 3189 1637 3258 incolas,
1668 3203 1971 3267 antequam
1998 3195 2278 3254 Saturnus
2310 3219 2495 3276 regno

351 3289 584 3364 pulsus,
636 3300 694 3344 et
735 3289 941 3344 Iovem
983 3283 1208 3362 fugiens
1231 3323 1248 3350 ,
1294 3299 1405 3356 pro
1447 3293 1676 3356 sceptro
1724 3282 1928 3341 falcem
1971 3289 2301 3346 messoriam
2346 3292 2497 3348 acci-

353 3393 549 3458 peret3
579 3399 758 3454 quum
791 3377 982 3454 puella
1011 3379 1195 3444 Jnn03
1221 3393 1400 3449 quum
1437 3375 1684 3450 Jupiter,
1718 3378 1981 3433 nondum
2021 3397 2211 3435 rerum
2244 3383 2495 3455 potitus,

352 3474 636 3550 privatam
681 3471 744 3526 in
788 3469 978 3543 aliqua
1023 3467 1239 3524 montis
1283 3467 1400 3524 ldae
1447 3469 1713 3542 spelunca
1760 3469 1939 3525 vitam
1986 3471 2257 3546 degeret;
2311 3493 2497 3548 quum

353 3567 534 3624 nullas
569 3567 632 3621 in
681 3565 820 3620 caelo
867 3579 1201 3619 communes
1245 3561 1582 3618 solemniter
1619 3565 1814 3637 epulas
1855 3564 2064 3638 Superi
2104 3566 2495 3645 celebrarent,
2542 3581 2553 3591 ’

353 3659 604 3717 necdum
653 3655 1050 3732 Ganymedes,
1101 3652 1466 3730 filiuqurois
1487 3696 1502 3722 ,
1548 3665 1646 3710 aut
1690 3655 1885 3724 Hebe,
1941 3655 2191 3712 formosa
2232 3659 2497 3719 Herculis

351 3771 530 3822 uxor,
573 3750 883 3807 miscerent
909 3746 1022 3805 illis
1060 3746 1299 3823 pocula3
1338 3765 1446 3803 nec
1477 3765 1510 3803 e
1544 3747 1723 3803 furvis
1758 3747 2137 3820 Liparaeorum
2176 3749 2497 3812 insularum

349 3845 529 3902 antris
557 3859 897 3919 progressus
923 3840 1214 3896 Vulcanus
1244 3839 1321 3895 ad
1355 3839 1600 3896 caelestes
1627 3837 1749 3895 illas
1783 3837 1977 3912 epulas
1996 3881 2011 3905 ‚
2048 3841 2234 3898 multo
2264 3857 2495 3902 nectare
2552 3911 2559 3920 ,

348 3935 553 3994 hausto
577 3975 592 4005 ,
649 3936 812 3991 labra
860 3931 1154 3989 humentia
1197 3930 1446 3988 brachiis
1493 3929 1671 4007 nigris
1716 3929 2073 4006 abstergeret
2120 3955 2134 3988 :
2182 3937 2495 4011 unusquis-

350 4047 462 4106 que
509 4030 758 4087 deorum
804 4025 964 4082 domi
1008 4043 1122 4082 snae
1156 4025 1430 4099 privatim
1466 4025 1767 4079 coenabat:
1798 4041 1919 4079 non
1964 4036 2074 4080 tam
2119 4045 2493 4083 numerosum

351 4133 478 4194 vat
507 4119 896 4180 celicolarum
963 4118 1052 4175 uti
1089 4116 1269 4174 modo
1299 4127 1410 4188 est,
1453 4133 1690 4192 agmen,
1726 4126 1783 4172 et
1813 4115 1972 4173 orbis
2005 4116 2261 4174 sidereus
2297 4119 2494 4194 paucis

2122 4210 2223 4274 16.
