<?xml version="1.0" encoding="UTF-8"?>
<!DOCTYPE html PUBLIC "-//W3C//DTD XHTML 1.0 Transitional//EN"
    "http://www.w3.org/TR/xhtml1/DTD/xhtml1-transitional.dtd">
<html xmlns="http://www.w3.org/1999/xhtml" xml:lang="en" lang="en">
 <head>
  <title>
</title>
<meta http-equiv="Content-Type" content="text/html;charset=utf-8" />
  <meta name='ocr-system' content='tesseract 3.04.00' />
  <meta name='ocr-capabilities' content='ocr_page ocr_carea ocr_par ocr_line ocrx_word'/>
</head>
<body>
  <div class='ocr_page' id='page_1' title='image "./djuniijuvenalis00jouvgoog/djuniijuvenalis00jouvgoog_0258.png"; bbox 0 0 3050 4884; ppageno 0'>
   <div class='ocr_carea' id='block_1_1' title="bbox 788 354 2532 433">
    <p class='ocr_par' dir='ltr' id='par_1_1' title="bbox 788 354 2532 433">
     <span class='ocr_line' id='line_1_1' title="bbox 788 354 2532 433; baseline 0.007 -12"><span class='ocrx_word' id='word_1_1' title='bbox 788 354 1167 421; x_wconf 82' lang='lat' dir='ltr'>SATIRA</span> <span class='ocrx_word' id='word_1_2' title='bbox 1210 356 1604 423; x_wconf 83' lang='lat' dir='ltr'>DECIMA</span> <span class='ocrx_word' id='word_1_3' title='bbox 1649 358 2053 427; x_wconf 82' lang='lat' dir='ltr'><strong>TERTIA.</strong></span> <span class='ocrx_word' id='word_1_4' title='bbox 2381 365 2532 433; x_wconf 78' lang='lat'><strong>253·</strong></span> 
     </span>
    </p>
   </div>
   <div class='ocr_carea' id='block_1_2' title="bbox 358 465 2520 2431">
    <p class='ocr_par' dir='ltr' id='par_1_2' title="bbox 364 465 1954 566">
     <span class='ocr_line' id='line_1_2' title="bbox 364 465 1954 566; baseline 0.004 -29"><span class='ocrx_word' id='word_1_5' title='bbox 364 465 761 561; x_wconf 88' lang='lat' dir='ltr'><strong>Depositum</strong></span> <span class='ocrx_word' id='word_1_6' title='bbox 796 468 1115 555; x_wconf 85' lang='lat' dir='ltr'><strong>retinere,</strong></span> <span class='ocrx_word' id='word_1_7' title='bbox 1147 483 1215 539; x_wconf 90' lang='lat' dir='ltr'><strong>et</strong></span> <span class='ocrx_word' id='word_1_8' title='bbox 1246 468 1556 539; x_wconf 84' lang='lat' dir='ltr'><strong>fraudem</strong></span> <span class='ocrx_word' id='word_1_9' title='bbox 1588 471 1743 566; x_wconf 89' lang='lat' dir='ltr'><strong>jure</strong></span> <span class='ocrx_word' id='word_1_10' title='bbox 1777 476 1954 543; x_wconf 90' lang='lat' dir='ltr'><strong>tueri</strong></span> 
     </span>
    </p>

    <p class='ocr_par' dir='ltr' id='par_1_3' title="bbox 360 574 2057 674">
     <span class='ocr_line' id='line_1_3' title="bbox 360 574 2057 674; baseline 0.007 -31"><span class='ocrx_word' id='word_1_11' title='bbox 360 578 403 643; x_wconf 86' lang='lat' dir='ltr'><strong>J</strong></span> <span class='ocrx_word' id='word_1_12' title='bbox 406 574 708 663; x_wconf 83' lang='lat' dir='ltr'><strong>urand03</strong></span> <span class='ocrx_word' id='word_1_13' title='bbox 747 578 1090 670; x_wconf 67' lang='lat' dir='ltr'><strong>quaerebat</strong></span> <span class='ocrx_word' id='word_1_14' title='bbox 1116 578 1334 666; x_wconf 87' lang='lat' dir='ltr'><strong>enim,</strong></span> <span class='ocrx_word' id='word_1_15' title='bbox 1368 604 1519 674; x_wconf 77' lang='lat' dir='ltr'><strong>quae</strong></span> <span class='ocrx_word' id='word_1_16' title='bbox 1549 582 1850 653; x_wconf 89' lang='lat' dir='ltr'><strong>numinis</strong></span> <span class='ocrx_word' id='word_1_17' title='bbox 1883 600 2057 655; x_wconf 91' lang='lat' dir='ltr'><strong>esset</strong></span> 
     </span>
    </p>

    <p class='ocr_par' dir='ltr' id='par_1_4' title="bbox 362 686 2083 787">
     <span class='ocr_line' id='line_1_4' title="bbox 362 686 2083 787; baseline 0.006 -32"><span class='ocrx_word' id='word_1_18' title='bbox 362 688 595 773; x_wconf 88' lang='lat' dir='ltr'><strong>Mens,</strong></span> <span class='ocrx_word' id='word_1_19' title='bbox 632 702 703 757; x_wconf 90' lang='lat' dir='ltr'><strong>et</strong></span> <span class='ocrx_word' id='word_1_20' title='bbox 736 712 825 756; x_wconf 84' lang='lat' dir='ltr'><strong>an</strong></span> <span class='ocrx_word' id='word_1_21' title='bbox 856 688 990 758; x_wconf 87' lang='lat' dir='ltr'><strong>hoc</strong></span> <span class='ocrx_word' id='word_1_22' title='bbox 1026 686 1127 758; x_wconf 90' lang='lat' dir='ltr'><strong>illi</strong></span> <span class='ocrx_word' id='word_1_23' title='bbox 1161 689 1421 760; x_wconf 85' lang='lat' dir='ltr'><strong>facinus</strong></span> <span class='ocrx_word' id='word_1_24' title='bbox 1456 691 1770 763; x_wconf 74' lang='lat' dir='ltr'><strong>suaderet</strong></span> <span class='ocrx_word' id='word_1_25' title='bbox 1793 694 2083 787; x_wconf 78' lang='lat' dir='ltr'>Apollo?</span> 
     </span>
    </p>

    <p class='ocr_par' dir='ltr' id='par_1_5' title="bbox 358 795 2514 1121">
     <span class='ocr_line' id='line_1_5' title="bbox 361 795 2334 893; baseline 0.008 -29"><span class='ocrx_word' id='word_1_26' title='bbox 361 795 678 865; x_wconf 80' lang='lat' dir='ltr'><strong>Reddidit</strong></span> <span class='ocrx_word' id='word_1_27' title='bbox 706 822 867 893; x_wconf 84' lang='lat' dir='ltr'><strong>ergo</strong></span> <span class='ocrx_word' id='word_1_28' title='bbox 900 814 1123 887; x_wconf 86' lang='lat' dir='ltr'><strong>metu,</strong></span> <span class='ocrx_word' id='word_1_29' title='bbox 1154 824 1295 869; x_wconf 88' lang='lat' dir='ltr'><strong>non</strong></span> <span class='ocrx_word' id='word_1_30' title='bbox 1328 802 1670 893; x_wconf 88' lang='lat' dir='ltr'><strong>moribus;</strong></span> <span class='ocrx_word' id='word_1_31' title='bbox 1703 816 1774 873; x_wconf 87' lang='lat' dir='ltr'><strong>et</strong></span> <span class='ocrx_word' id='word_1_32' title='bbox 1805 818 2031 875; x_wconf 85' lang='lat' dir='ltr'><strong>tamen</strong></span> <span class='ocrx_word' id='word_1_33' title='bbox 2060 831 2334 879; x_wconf 88' lang='lat' dir='ltr'><strong>omnem</strong></span> 
     </span>
     <span class='ocr_line' id='line_1_6' title="bbox 360 906 2514 1011; baseline 0.006 -36"><span class='ocrx_word' id='word_1_34' title='bbox 360 907 619 975; x_wconf 85' lang='lat' dir='ltr'>Vocem</span> <span class='ocrx_word' id='word_1_35' title='bbox 655 906 840 1003; x_wconf 83' lang='lat' dir='ltr'><strong>adyti</strong></span> <span class='ocrx_word' id='word_1_36' title='bbox 874 906 1149 1002; x_wconf 83' lang='lat' dir='ltr'><strong>dignam</strong></span> <span class='ocrx_word' id='word_1_37' title='bbox 1186 907 1439 1005; x_wconf 88' lang='lat' dir='ltr'><strong>templo</strong></span> <span class='ocrx_word' id='word_1_38' title='bbox 1472 936 1833 1009; x_wconf 84' lang='lat' dir='ltr'><strong>veramque</strong></span> <span class='ocrx_word' id='word_1_39' title='bbox 1869 917 2184 1011; x_wconf 85' lang='lat' dir='ltr'><strong>probavit</strong></span> <span class='ocrx_word' id='word_1_40' title='bbox 2413 932 2514 991; x_wconf 75' lang='lat'><strong>205</strong></span> 
     </span>
     <span class='ocr_line' id='line_1_7' title="bbox 358 1016 2077 1121; baseline 0.007 -36"><span class='ocrx_word' id='word_1_41' title='bbox 358 1016 745 1087; x_wconf 83' lang='lat' dir='ltr'><strong>Exstinctus</strong></span> <span class='ocrx_word' id='word_1_42' title='bbox 782 1032 925 1087; x_wconf 86' lang='lat' dir='ltr'><strong>tota</strong></span> <span class='ocrx_word' id='word_1_43' title='bbox 960 1019 1211 1112; x_wconf 85' lang='lat' dir='ltr'><strong>pariter</strong></span> <span class='ocrx_word' id='word_1_44' title='bbox 1248 1045 1403 1090; x_wconf 89' lang='lat' dir='ltr'><strong>cum</strong></span> <span class='ocrx_word' id='word_1_45' title='bbox 1441 1022 1664 1117; x_wconf 86' lang='lat' dir='ltr'><strong>prole,</strong></span> <span class='ocrx_word' id='word_1_46' title='bbox 1699 1025 2077 1121; x_wconf 88' lang='lat' dir='ltr'><strong>domoque,</strong></span> 
     </span>
    </p>

    <p class='ocr_par' dir='ltr' id='par_1_6' title="bbox 360 1126 2123 1232">
     <span class='ocr_line' id='line_1_8' title="bbox 360 1126 2123 1232; baseline 0.008 -39"><span class='ocrx_word' id='word_1_47' title='bbox 360 1128 481 1215; x_wconf 85' lang='lat' dir='ltr'><strong>Et,</strong></span> <span class='ocrx_word' id='word_1_48' title='bbox 510 1128 816 1221; x_wconf 77' lang='lat' dir='ltr'><strong>quamvis</strong></span> <span class='ocrx_word' id='word_1_49' title='bbox 848 1126 1049 1225; x_wconf 83' lang='lat' dir='ltr'><strong>longa</strong></span> <span class='ocrx_word' id='word_1_50' title='bbox 1080 1129 1386 1203; x_wconf 86' lang='lat' dir='ltr'><strong>deductis</strong></span> <span class='ocrx_word' id='word_1_51' title='bbox 1420 1148 1656 1227; x_wconf 86' lang='lat' dir='ltr'><strong>gente,</strong></span> <span class='ocrx_word' id='word_1_52' title='bbox 1695 1136 2123 1232; x_wconf 78' lang='lat' dir='ltr'><strong>propinquis·</strong></span> 
     </span>
    </p>

    <p class='ocr_par' dir='ltr' id='par_1_7' title="bbox 362 1238 1964 1334">
     <span class='ocr_line' id='line_1_9' title="bbox 362 1238 1964 1334; baseline 0.007 -30"><span class='ocrx_word' id='word_1_53' title='bbox 362 1239 501 1305; x_wconf 85' lang='lat' dir='ltr'><strong>Has</strong></span> <span class='ocrx_word' id='word_1_54' title='bbox 537 1238 795 1333; x_wconf 87' lang='lat' dir='ltr'><strong>patitur</strong></span> <span class='ocrx_word' id='word_1_55' title='bbox 828 1264 1059 1334; x_wconf 82' lang='lat' dir='ltr'><strong>poenas</strong></span> <span class='ocrx_word' id='word_1_56' title='bbox 1090 1241 1417 1334; x_wconf 84' lang='lat' dir='ltr'><strong>peccandi</strong></span> <span class='ocrx_word' id='word_1_57' title='bbox 1457 1242 1598 1315; x_wconf 86' lang='lat' dir='ltr'><strong>sola</strong></span> <span class='ocrx_word' id='word_1_58' title='bbox 1633 1241 1964 1316; x_wconf 85' lang='lat' dir='ltr'><strong>voluntas.</strong></span> 
     </span>
    </p>

    <p class='ocr_par' dir='ltr' id='par_1_8' title="bbox 362 1346 2160 1447">
     <span class='ocr_line' id='line_1_10' title="bbox 362 1346 2160 1447; baseline 0.004 -31"><span class='ocrx_word' id='word_1_59' title='bbox 362 1347 541 1417; x_wconf 82' lang='lat' dir='ltr'><strong>Nam</strong></span> <span class='ocrx_word' id='word_1_60' title='bbox 580 1346 795 1416; x_wconf 88' lang='lat' dir='ltr'><strong>scelus</strong></span> <span class='ocrx_word' id='word_1_61' title='bbox 831 1348 1009 1418; x_wconf 88' lang='lat' dir='ltr'><strong>intra</strong></span> <span class='ocrx_word' id='word_1_62' title='bbox 1045 1374 1115 1419; x_wconf 89' lang='lat' dir='ltr'><strong>se</strong></span> <span class='ocrx_word' id='word_1_63' title='bbox 1152 1352 1433 1421; x_wconf 85' lang='lat' dir='ltr'><strong>tacitum</strong></span> <span class='ocrx_word' id='word_1_64' title='bbox 1470 1353 1592 1446; x_wconf 89' lang='lat' dir='ltr'><strong>qui</strong></span> <span class='ocrx_word' id='word_1_65' title='bbox 1623 1354 1876 1447; x_wconf 76' lang='lat' dir='ltr'><strong>cogitat</strong></span> <span class='ocrx_word' id='word_1_66' title='bbox 1912 1352 2160 1442; x_wconf 90' lang='lat' dir='ltr'><strong>ullum,</strong></span> 
     </span>
    </p>

    <p class='ocr_par' dir='ltr' id='par_1_9' title="bbox 362 1442 2520 1663">
     <span class='ocr_line' id='line_1_11' title="bbox 364 1442 2520 1557; baseline 0.004 -33"><span class='ocrx_word' id='word_1_67' title='bbox 364 1458 552 1525; x_wconf 83' lang='lat' dir='ltr'><strong>Facti</strong></span> <span class='ocrx_word' id='word_1_68' title='bbox 586 1458 844 1527; x_wconf 83' lang='lat' dir='ltr'><strong>crimen</strong></span> <span class='ocrx_word' id='word_1_69' title='bbox 879 1459 1083 1530; x_wconf 89' lang='lat' dir='ltr'><strong>habet</strong></span> <span class='ocrx_word' id='word_1_70' title='bbox 1112 1484 1131 1530; x_wconf 74' lang='lat' dir='ltr'><strong><em>z</em></strong></span> <span class='ocrx_word' id='word_1_71' title='bbox 1170 1442 1373 1547; x_wconf 84' lang='lat' dir='ltr'><strong>cedo,</strong></span> <span class='ocrx_word' id='word_1_72' title='bbox 1414 1462 1469 1529; x_wconf 87' lang='lat' dir='ltr'><strong>si</strong></span> <span class='ocrx_word' id='word_1_73' title='bbox 1504 1474 1752 1529; x_wconf 86' lang='lat' dir='ltr'><strong>conata</strong></span> <span class='ocrx_word' id='word_1_74' title='bbox 1790 1461 2091 1557; x_wconf 83' lang='lat' dir='ltr'><strong>peregit?</strong></span> <span class='ocrx_word' id='word_1_75' title='bbox 2417 1495 2520 1532; x_wconf 77' lang='lat'><strong>210</strong></span> 
     </span>
     <span class='ocr_line' id='line_1_12' title="bbox 362 1567 2080 1663; baseline 0.005 -29"><span class='ocrx_word' id='word_1_76' title='bbox 362 1567 691 1661; x_wconf 86' lang='lat' dir='ltr'><strong>Perpetua</strong></span> <span class='ocrx_word' id='word_1_77' title='bbox 725 1570 1017 1639; x_wconf 79' lang='lat' dir='ltr'><strong>anxietas</strong></span> <span class='ocrx_word' id='word_1_78' title='bbox 1052 1594 1179 1639; x_wconf 86' lang='lat' dir='ltr'><strong>nec</strong></span> <span class='ocrx_word' id='word_1_79' title='bbox 1218 1594 1460 1639; x_wconf 83' lang='lat' dir='ltr'><strong>mensae</strong></span> <span class='ocrx_word' id='word_1_80' title='bbox 1500 1585 1806 1663; x_wconf 87' lang='lat' dir='ltr'><strong>tempore</strong></span> <span class='ocrx_word' id='word_1_81' title='bbox 1841 1586 2080 1659; x_wconf 86' lang='lat' dir='ltr'><strong>cessat,</strong></span> 
     </span>
    </p>

    <p class='ocr_par' dir='ltr' id='par_1_10' title="bbox 360 1677 1984 1773">
     <span class='ocr_line' id='line_1_13' title="bbox 360 1677 1984 1773; baseline 0.006 -30"><span class='ocrx_word' id='word_1_82' title='bbox 360 1677 693 1747; x_wconf 85' lang='lat' dir='ltr'><strong>Faucibus</strong></span> <span class='ocrx_word' id='word_1_83' title='bbox 724 1693 803 1747; x_wconf 90' lang='lat' dir='ltr'><strong>ut</strong></span> <span class='ocrx_word' id='word_1_84' title='bbox 834 1679 1075 1747; x_wconf 88' lang='lat' dir='ltr'><strong>morbo</strong></span> <span class='ocrx_word' id='word_1_85' title='bbox 1112 1678 1303 1749; x_wconf 89' lang='lat' dir='ltr'><strong>siccis</strong></span> <span class='ocrx_word' id='word_1_86' title='bbox 1342 1680 1653 1773; x_wconf 85' lang='lat' dir='ltr'><strong>interque</strong></span> <span class='ocrx_word' id='word_1_87' title='bbox 1696 1678 1984 1751; x_wconf 88' lang='lat' dir='ltr'><strong>molares</strong></span> 
     </span>
    </p>

    <p class='ocr_par' dir='ltr' id='par_1_11' title="bbox 361 1784 1956 1861">
     <span class='ocr_line' id='line_1_14' title="bbox 361 1784 1956 1861; baseline 0.004 -7"><span class='ocrx_word' id='word_1_88' title='bbox 361 1784 650 1856; x_wconf 87' lang='lat' dir='ltr'><strong>Difficili</strong></span> <span class='ocrx_word' id='word_1_89' title='bbox 687 1804 1029 1857; x_wconf 84' lang='lat' dir='ltr'><strong>crescente</strong></span> <span class='ocrx_word' id='word_1_90' title='bbox 1069 1788 1223 1859; x_wconf 89' lang='lat' dir='ltr'><strong>cibo</strong></span> <span class='ocrx_word' id='word_1_91' title='bbox 1260 1815 1277 1857; x_wconf 79' lang='lat' dir='ltr'><strong><em>z</em></strong></span> <span class='ocrx_word' id='word_1_92' title='bbox 1320 1788 1439 1859; x_wconf 88' lang='lat' dir='ltr'><strong>sed</strong></span> <span class='ocrx_word' id='word_1_93' title='bbox 1472 1790 1630 1858; x_wconf 85' lang='lat' dir='ltr'><strong>vina</strong></span> <span class='ocrx_word' id='word_1_94' title='bbox 1662 1789 1956 1861; x_wconf 89' lang='lat' dir='ltr'><strong>misellus</strong></span> 
     </span>
    </p>

    <p class='ocr_par' dir='ltr' id='par_1_12' title="bbox 364 1894 1912 1992">
     <span class='ocr_line' id='line_1_15' title="bbox 364 1894 1912 1992; baseline 0.001 -27"><span class='ocrx_word' id='word_1_95' title='bbox 364 1897 683 1992; x_wconf 81' lang='lat' dir='ltr'><strong>Exspuit3</strong></span> <span class='ocrx_word' id='word_1_96' title='bbox 721 1894 961 1967; x_wconf 81' lang='lat' dir='ltr'><strong>Albani</strong></span> <span class='ocrx_word' id='word_1_97' title='bbox 994 1898 1239 1967; x_wconf 76' lang='lat' dir='ltr'><strong>veteris</strong></span> <span class='ocrx_word' id='word_1_98' title='bbox 1274 1897 1569 1991; x_wconf 90' lang='lat' dir='ltr'><strong>pretiosa</strong></span> <span class='ocrx_word' id='word_1_99' title='bbox 1601 1912 1912 1967; x_wconf 89' lang='lat' dir='ltr'><strong>senectus</strong></span> 
     </span>
    </p>

    <p class='ocr_par' dir='ltr' id='par_1_13' title="bbox 362 2004 2516 2210">
     <span class='ocr_line' id='line_1_16' title="bbox 362 2004 2516 2103; baseline 0.005 -30"><span class='ocrx_word' id='word_1_100' title='bbox 362 2005 693 2101; x_wconf 86' lang='lat' dir='ltr'><strong>Displicet</strong></span> <span class='ocrx_word' id='word_1_101' title='bbox 724 2032 743 2074; x_wconf 76' lang='lat' dir='ltr'><strong><em>z</em></strong></span> <span class='ocrx_word' id='word_1_102' title='bbox 779 2006 1088 2076; x_wconf 82' lang='lat' dir='ltr'><strong>ostendas</strong></span> <span class='ocrx_word' id='word_1_103' title='bbox 1126 2004 1399 2094; x_wconf 89' lang='lat' dir='ltr'><strong>melius,</strong></span> <span class='ocrx_word' id='word_1_104' title='bbox 1438 2004 1830 2075; x_wconf 83' lang='lat' dir='ltr'><strong>densissima</strong></span> <span class='ocrx_word' id='word_1_105' title='bbox 1863 2032 2038 2103; x_wconf 83' lang='lat' dir='ltr'><strong>ruga</strong></span> <span class='ocrx_word' id='word_1_106' title='bbox 2413 2028 2516 2084; x_wconf 74' lang='lat'><strong>215</strong></span> 
     </span>
     <span class='ocr_line' id='line_1_17' title="bbox 366 2112 2079 2210; baseline 0.001 -25"><span class='ocrx_word' id='word_1_107' title='bbox 366 2116 650 2210; x_wconf 83' lang='lat' dir='ltr'><strong>Cogitur</strong></span> <span class='ocrx_word' id='word_1_108' title='bbox 680 2117 752 2184; x_wconf 88' lang='lat' dir='ltr'><strong>in</strong></span> <span class='ocrx_word' id='word_1_109' title='bbox 788 2114 1113 2200; x_wconf 85' lang='lat' dir='ltr'><strong>frontem,</strong></span> <span class='ocrx_word' id='word_1_110' title='bbox 1147 2112 1330 2184; x_wconf 87' lang='lat' dir='ltr'><strong>velut</strong></span> <span class='ocrx_word' id='word_1_111' title='bbox 1360 2114 1501 2183; x_wconf 87' lang='lat' dir='ltr'><strong>acri</strong></span> <span class='ocrx_word' id='word_1_112' title='bbox 1533 2114 1741 2185; x_wconf 83' lang='lat' dir='ltr'><strong>ducta</strong></span> <span class='ocrx_word' id='word_1_113' title='bbox 1771 2115 2079 2187; x_wconf 83' lang='lat' dir='ltr'><strong>Falerno.</strong></span> 
     </span>
    </p>

    <p class='ocr_par' dir='ltr' id='par_1_14' title="bbox 368 2222 2081 2321">
     <span class='ocr_line' id='line_1_18' title="bbox 368 2222 2081 2321; baseline -0.001 -26"><span class='ocrx_word' id='word_1_114' title='bbox 368 2226 590 2295; x_wconf 86' lang='lat' dir='ltr'><strong>Nocte</strong></span> <span class='ocrx_word' id='word_1_115' title='bbox 627 2225 901 2294; x_wconf 88' lang='lat' dir='ltr'><strong>brevem</strong></span> <span class='ocrx_word' id='word_1_116' title='bbox 934 2225 993 2293; x_wconf 89' lang='lat' dir='ltr'><strong>si</strong></span> <span class='ocrx_word' id='word_1_117' title='bbox 1020 2223 1195 2293; x_wconf 84' lang='lat' dir='ltr'><strong>forte</strong></span> <span class='ocrx_word' id='word_1_118' title='bbox 1227 2222 1508 2293; x_wconf 81' lang='lat' dir='ltr'><strong>indulsit</strong></span> <span class='ocrx_word' id='word_1_119' title='bbox 1543 2248 1708 2293; x_wconf 88' lang='lat' dir='ltr'><strong>cura</strong></span> <span class='ocrx_word' id='word_1_120' title='bbox 1736 2250 2081 2321; x_wconf 87' lang='lat' dir='ltr'><strong>soporem,</strong></span> 
     </span>
    </p>

    <p class='ocr_par' dir='ltr' id='par_1_15' title="bbox 368 2332 2033 2431">
     <span class='ocr_line' id='line_1_19' title="bbox 368 2332 2033 2431; baseline 0 -30"><span class='ocrx_word' id='word_1_121' title='bbox 368 2334 458 2402; x_wconf 89' lang='lat' dir='ltr'><strong>Et</strong></span> <span class='ocrx_word' id='word_1_122' title='bbox 492 2347 636 2404; x_wconf 86' lang='lat' dir='ltr'><strong>toto</strong></span> <span class='ocrx_word' id='word_1_123' title='bbox 662 2347 922 2403; x_wconf 81' lang='lat' dir='ltr'><strong>versata</strong></span> <span class='ocrx_word' id='word_1_124' title='bbox 952 2346 1105 2403; x_wconf 88' lang='lat' dir='ltr'><strong>toro</strong></span> <span class='ocrx_word' id='word_1_125' title='bbox 1134 2333 1276 2428; x_wconf 88' lang='lat' dir='ltr'><strong>jam</strong></span> <span class='ocrx_word' id='word_1_126' title='bbox 1306 2332 1612 2403; x_wconf 84' lang='lat' dir='ltr'><strong>membra</strong></span> <span class='ocrx_word' id='word_1_127' title='bbox 1647 2333 2033 2431; x_wconf 85' lang='lat' dir='ltr'><strong>quiescunt,</strong></span> 
     </span>
    </p>
   </div>
   <div class='ocr_carea' id='block_1_3' title="bbox 366 2528 2530 3431">
    <p class='ocr_par' dir='ltr' id='par_1_16' title="bbox 366 2528 2530 3431">
     <span class='ocr_line' id='line_1_20' title="bbox 366 2528 2518 2609; baseline 0.004 -24"><span class='ocrx_word' id='word_1_128' title='bbox 366 2528 539 2587; x_wconf 83' lang='lat' dir='ltr'><strong>hante</strong></span> <span class='ocrx_word' id='word_1_129' title='bbox 564 2530 677 2589; x_wconf 92' lang='lat' dir='ltr'><strong>deo</strong></span> <span class='ocrx_word' id='word_1_130' title='bbox 716 2542 927 2607; x_wconf 83' lang='lat' dir='ltr'><strong>posset.</strong></span> <span class='ocrx_word' id='word_1_131' title='bbox 967 2532 1333 2606; x_wconf 78' lang='lat' dir='ltr'><strong>Responsum</strong></span> <span class='ocrx_word' id='word_1_132' title='bbox 1366 2540 1452 2589; x_wconf 86' lang='lat' dir='ltr'><strong>est</strong></span> <span class='ocrx_word' id='word_1_133' title='bbox 1490 2550 1527 2587; x_wconf 82' lang='lat' dir='ltr'><strong>a</strong></span> <span class='ocrx_word' id='word_1_134' title='bbox 1567 2531 1772 2608; x_wconf 79' lang='lat' dir='ltr'><strong>Pythia</strong></span> <span class='ocrx_word' id='word_1_135' title='bbox 1787 2572 1806 2603; x_wconf 93' lang='lat'><strong>,</strong></span> <span class='ocrx_word' id='word_1_136' title='bbox 1846 2550 2044 2607; x_wconf 78' lang='lat' dir='ltr'><strong>poenns</strong></span> <span class='ocrx_word' id='word_1_137' title='bbox 2082 2532 2272 2607; x_wconf 87' lang='lat' dir='ltr'><strong>ipsum</strong></span> <span class='ocrx_word' id='word_1_138' title='bbox 2313 2550 2518 2609; x_wconf 74' lang='lat' dir='ltr'><strong>graves</strong></span> 
     </span>
     <span class='ocr_line' id='line_1_21' title="bbox 366 2621 2520 2700; baseline 0.002 -21"><span class='ocrx_word' id='word_1_139' title='bbox 366 2621 666 2697; x_wconf 78' lang='lat' dir='ltr'><strong>daturum,</strong></span> <span class='ocrx_word' id='word_1_140' title='bbox 716 2622 819 2700; x_wconf 88' lang='lat' dir='ltr'><strong>qui</strong></span> <span class='ocrx_word' id='word_1_141' title='bbox 860 2624 974 2681; x_wconf 85' lang='lat' dir='ltr'><strong>hoc</strong></span> <span class='ocrx_word' id='word_1_142' title='bbox 1015 2624 1089 2681; x_wconf 79' lang='lat' dir='ltr'><strong>ab</strong></span> <span class='ocrx_word' id='word_1_143' title='bbox 1131 2622 1408 2699; x_wconf 80' lang='lat' dir='ltr'><strong>Apolline</strong></span> <span class='ocrx_word' id='word_1_144' title='bbox 1458 2622 1837 2699; x_wconf 73' lang='lat' dir='ltr'><strong>quaesivisset,</strong></span> <span class='ocrx_word' id='word_1_145' title='bbox 1882 2622 1946 2679; x_wconf 88' lang='lat' dir='ltr'><strong>in</strong></span> <span class='ocrx_word' id='word_1_146' title='bbox 1989 2622 2350 2699; x_wconf 83' lang='lat' dir='ltr'><strong>dubiumque</strong></span> <span class='ocrx_word' id='word_1_147' title='bbox 2391 2644 2520 2684; x_wconf 87' lang='lat' dir='ltr'><strong>rem</strong></span> 
     </span>
     <span class='ocr_line' id='line_1_22' title="bbox 368 2714 2516 2789; baseline 0.001 -17"><span class='ocrx_word' id='word_1_148' title='bbox 368 2714 653 2789; x_wconf 81' lang='lat' dir='ltr'><strong>ejusmodi</strong></span> <span class='ocrx_word' id='word_1_149' title='bbox 676 2727 1016 2773; x_wconf 77' lang='lat' dir='ltr'><strong>revocasset.</strong></span> <span class='ocrx_word' id='word_1_150' title='bbox 1057 2717 1193 2786; x_wconf 91' lang='lat' dir='ltr'><strong>Quo</strong></span> <span class='ocrx_word' id='word_1_151' title='bbox 1230 2716 1326 2773; x_wconf 90' lang='lat' dir='ltr'><strong>ille</strong></span> <span class='ocrx_word' id='word_1_152' title='bbox 1358 2727 1588 2772; x_wconf 84' lang='lat' dir='ltr'><strong>terrore</strong></span> <span class='ocrx_word' id='word_1_153' title='bbox 1613 2732 1680 2771; x_wconf 84' lang='lat' dir='ltr'><strong>ac</strong></span> <span class='ocrx_word' id='word_1_154' title='bbox 1713 2732 2015 2789; x_wconf 79' lang='lat' dir='ltr'><strong>poenarum</strong></span> <span class='ocrx_word' id='word_1_155' title='bbox 2047 2726 2206 2773; x_wconf 86' lang='lat' dir='ltr'><strong>metu</strong></span> <span class='ocrx_word' id='word_1_156' title='bbox 2231 2718 2516 2775; x_wconf 83' lang='lat' dir='ltr'><strong>attonitus</strong></span> 
     </span>
     <span class='ocr_line' id='line_1_23' title="bbox 366 2803 2518 2884; baseline 0.001 -21"><span class='ocrx_word' id='word_1_157' title='bbox 366 2806 581 2884; x_wconf 78' lang='lat' dir='ltr'><strong>magis,</strong></span> <span class='ocrx_word' id='word_1_158' title='bbox 606 2826 779 2883; x_wconf 84' lang='lat' dir='ltr'><strong>qnam</strong></span> <span class='ocrx_word' id='word_1_159' title='bbox 792 2807 989 2865; x_wconf 83' lang='lat' dir='ltr'><strong>studio</strong></span> <span class='ocrx_word' id='word_1_160' title='bbox 1004 2807 1239 2865; x_wconf 76' lang='lat' dir='ltr'><strong>virtutis</strong></span> <span class='ocrx_word' id='word_1_161' title='bbox 1260 2817 1318 2863; x_wconf 88' lang='lat' dir='ltr'><strong>et</strong></span> <span class='ocrx_word' id='word_1_162' title='bbox 1333 2824 1535 2863; x_wconf 86' lang='lat' dir='ltr'><strong>amore</strong></span> <span class='ocrx_word' id='word_1_163' title='bbox 1551 2803 1852 2875; x_wconf 85' lang='lat' dir='ltr'><strong>inductus,</strong></span> <span class='ocrx_word' id='word_1_164' title='bbox 1873 2805 2192 2881; x_wconf 81' lang='lat' dir='ltr'><strong>depositam</strong></span> <span class='ocrx_word' id='word_1_165' title='bbox 2213 2808 2518 2881; x_wconf 80' lang='lat' dir='ltr'><strong>pecuniam</strong></span> 
     </span>
     <span class='ocr_line' id='line_1_24' title="bbox 368 2895 2530 2971; baseline 0 -15"><span class='ocrx_word' id='word_1_166' title='bbox 368 2900 621 2957; x_wconf 86' lang='lat' dir='ltr'><strong>restituit</strong></span> <span class='ocrx_word' id='word_1_167' title='bbox 646 2918 661 2954; x_wconf 73' lang='grc' dir='ltr'><strong><em>ε</em></strong></span> <span class='ocrx_word' id='word_1_168' title='bbox 689 2898 847 2955; x_wconf 86' lang='lat' dir='ltr'><strong>idem</strong></span> <span class='ocrx_word' id='word_1_169' title='bbox 868 2909 1059 2956; x_wconf 83' lang='lat' dir='ltr'><strong>tamen</strong></span> <span class='ocrx_word' id='word_1_170' title='bbox 1081 2916 1288 2955; x_wconf 76' lang='lat' dir='ltr'><strong>verum</strong></span> <span class='ocrx_word' id='word_1_171' title='bbox 1307 2916 1373 2953; x_wconf 86' lang='lat' dir='ltr'><strong>ac</strong></span> <span class='ocrx_word' id='word_1_172' title='bbox 1404 2895 1648 2971; x_wconf 73' lang='lat' dir='ltr'><strong>dignum</strong></span> <span class='ocrx_word' id='word_1_173' title='bbox 1675 2895 1950 2970; x_wconf 83' lang='lat' dir='ltr'><strong>Apolline</strong></span> <span class='ocrx_word' id='word_1_174' title='bbox 1975 2914 2316 2971; x_wconf 84' lang='lat' dir='ltr'><strong>responsum</strong></span> <span class='ocrx_word' id='word_1_175' title='bbox 2345 2898 2530 2956; x_wconf 81' lang='lat' dir='ltr'><strong>fuisse</strong></span> 
     </span>
     <span class='ocr_line' id='line_1_25' title="bbox 370 2988 2516 3068; baseline -0 -19"><span class='ocrx_word' id='word_1_176' title='bbox 370 2992 773 3068; x_wconf 81' lang='lat' dir='ltr'><strong>comprobavit</strong></span> <span class='ocrx_word' id='word_1_177' title='bbox 796 3010 903 3049; x_wconf 83' lang='lat' dir='ltr'><strong>suo</strong></span> <span class='ocrx_word' id='word_1_178' title='bbox 918 3032 936 3063; x_wconf 99' lang='lat'><strong>,</strong></span> <span class='ocrx_word' id='word_1_179' title='bbox 972 3010 1037 3049; x_wconf 80' lang='lat' dir='ltr'><strong>ac</strong></span> <span class='ocrx_word' id='word_1_180' title='bbox 1060 3008 1303 3049; x_wconf 80' lang='lat' dir='ltr'><strong>suorum</strong></span> <span class='ocrx_word' id='word_1_181' title='bbox 1338 2988 1661 3045; x_wconf 86' lang='lat' dir='ltr'><strong>liberorum</strong></span> <span class='ocrx_word' id='word_1_182' title='bbox 1677 3027 1696 3058; x_wconf 93' lang='lat'><strong>,</strong></span> <span class='ocrx_word' id='word_1_183' title='bbox 1737 2988 2206 3064; x_wconf 81' lang='lat' dir='ltr'><strong>propinquorum</strong></span> <span class='ocrx_word' id='word_1_184' title='bbox 2221 3032 2240 3062; x_wconf 95' lang='lat'><strong>,</strong></span> <span class='ocrx_word' id='word_1_185' title='bbox 2279 3000 2340 3047; x_wconf 90' lang='lat' dir='ltr'><strong>et</strong></span> <span class='ocrx_word' id='word_1_186' title='bbox 2377 2990 2516 3049; x_wconf 85' lang='lat' dir='ltr'><strong>uni-</strong></span> 
     </span>
     <span class='ocr_line' id='line_1_26' title="bbox 370 3078 2516 3156; baseline 0 -15"><span class='ocrx_word' id='word_1_187' title='bbox 370 3102 550 3141; x_wconf 80' lang='lat' dir='ltr'><strong>versae</strong></span> <span class='ocrx_word' id='word_1_188' title='bbox 580 3082 809 3139; x_wconf 65' lang='lat' dir='ltr'><strong>familia</strong></span> <span class='ocrx_word' id='word_1_189' title='bbox 833 3083 906 3139; x_wconf 78' lang='lat' dir='ltr'><strong>ab</strong></span> <span class='ocrx_word' id='word_1_190' title='bbox 938 3082 1143 3139; x_wconf 86' lang='lat' dir='ltr'><strong>ultima</strong></span> <span class='ocrx_word' id='word_1_191' title='bbox 1172 3080 1355 3156; x_wconf 82' lang='lat' dir='ltr'><strong>stirpe</strong></span> <span class='ocrx_word' id='word_1_192' title='bbox 1381 3078 1613 3154; x_wconf 75' lang='lat' dir='ltr'><strong>penitus</strong></span> <span class='ocrx_word' id='word_1_193' title='bbox 1648 3079 1942 3135; x_wconf 65' lang='lat' dir='ltr'><strong>exstinctae</strong></span> <span class='ocrx_word' id='word_1_194' title='bbox 1975 3080 2174 3138; x_wconf 87' lang='lat' dir='ltr'><strong>exitio.</strong></span> <span class='ocrx_word' id='word_1_195' title='bbox 2213 3083 2300 3139; x_wconf 81' lang='lat' dir='ltr'><strong>Ita</strong></span> <span class='ocrx_word' id='word_1_196' title='bbox 2335 3083 2516 3141; x_wconf 80' lang='lat' dir='ltr'><strong>solam·</strong></span> 
     </span>
     <span class='ocr_line' id='line_1_27' title="bbox 368 3172 2513 3251; baseline 0 -19"><span class='ocrx_word' id='word_1_197' title='bbox 368 3174 646 3251; x_wconf 78' lang='lat' dir='ltr'><strong>peccandi</strong></span> <span class='ocrx_word' id='word_1_198' title='bbox 672 3174 1031 3231; x_wconf 75' lang='lat' dir='ltr'><strong>voluntatem</strong></span> <span class='ocrx_word' id='word_1_199' title='bbox 1062 3172 1273 3249; x_wconf 90' lang='lat' dir='ltr'><strong>Superi</strong></span> <span class='ocrx_word' id='word_1_200' title='bbox 1304 3172 1569 3247; x_wconf 87' lang='lat' dir='ltr'><strong>plectunt</strong></span> <span class='ocrx_word' id='word_1_201' title='bbox 1597 3192 1613 3228; x_wconf 76' lang='lat' dir='ltr'><strong><em>z</em></strong></span> <span class='ocrx_word' id='word_1_202' title='bbox 1643 3182 1702 3229; x_wconf 88' lang='lat' dir='ltr'><strong>et</strong></span> <span class='ocrx_word' id='word_1_203' title='bbox 1739 3189 1882 3228; x_wconf 84' lang='lat' dir='ltr'><strong>vero</strong></span> <span class='ocrx_word' id='word_1_204' title='bbox 1922 3172 2026 3249; x_wconf 82' lang='lat' dir='ltr'><strong>qui</strong></span> <span class='ocrx_word' id='word_1_205' title='bbox 2060 3174 2245 3231; x_wconf 80' lang='lat' dir='ltr'><strong>scelus</strong></span> <span class='ocrx_word' id='word_1_206' title='bbox 2275 3186 2513 3249; x_wconf 84' lang='lat' dir='ltr'><strong>pectore</strong></span> 
     </span>
     <span class='ocr_line' id='line_1_28' title="bbox 370 3262 2510 3339; baseline -0 -16"><span class='ocrx_word' id='word_1_207' title='bbox 370 3267 750 3324; x_wconf 82' lang='lat' dir='ltr'><strong>deliberatum</strong></span> <span class='ocrx_word' id='word_1_208' title='bbox 781 3263 1080 3339; x_wconf 85' lang='lat' dir='ltr'><strong>concepit,</strong></span> <span class='ocrx_word' id='word_1_209' title='bbox 1108 3262 1353 3339; x_wconf 85' lang='lat' dir='ltr'><strong>perinde</strong></span> <span class='ocrx_word' id='word_1_210' title='bbox 1393 3280 1609 3321; x_wconf 87' lang='lat' dir='ltr'><strong>nocens</strong></span> <span class='ocrx_word' id='word_1_211' title='bbox 1655 3273 1770 3334; x_wconf 87' lang='lat' dir='ltr'><strong>est,</strong></span> <span class='ocrx_word' id='word_1_212' title='bbox 1808 3282 1874 3320; x_wconf 86' lang='lat' dir='ltr'><strong>ac</strong></span> <span class='ocrx_word' id='word_1_213' title='bbox 1907 3264 1958 3321; x_wconf 86' lang='lat' dir='ltr'><strong>si</strong></span> <span class='ocrx_word' id='word_1_214' title='bbox 1995 3264 2144 3321; x_wconf 87' lang='lat' dir='ltr'><strong>illud</strong></span> <span class='ocrx_word' id='word_1_215' title='bbox 2178 3266 2510 3327; x_wconf 78' lang='lat' dir='ltr'><strong>admisisset.</strong></span> 
     </span>
     <span class='ocr_line' id='line_1_29' title="bbox 372 3354 2514 3431; baseline 0.001 -17"><span class='ocrx_word' id='word_1_216' title='bbox 372 3358 536 3431; x_wconf 86' lang='lat' dir='ltr'><strong>Quid</strong></span> <span class='ocrx_word' id='word_1_217' title='bbox 560 3377 705 3415; x_wconf 85' lang='lat' dir='ltr'><strong>vero</strong></span> <span class='ocrx_word' id='word_1_218' title='bbox 734 3358 783 3413; x_wconf 87' lang='lat' dir='ltr'><strong>si</strong></span> <span class='ocrx_word' id='word_1_219' title='bbox 808 3356 1150 3414; x_wconf 84' lang='lat' dir='ltr'><strong>meditatum</strong></span> <span class='ocrx_word' id='word_1_220' title='bbox 1176 3354 1397 3413; x_wconf 82' lang='lat' dir='ltr'><strong>facinus</strong></span> <span class='ocrx_word' id='word_1_221' title='bbox 1437 3356 1610 3413; x_wconf 85' lang='lat' dir='ltr'><strong>etiam</strong></span> <span class='ocrx_word' id='word_1_222' title='bbox 1643 3356 1995 3431; x_wconf 79' lang='lat' dir='ltr'><strong>complevit?</strong></span> <span class='ocrx_word' id='word_1_223' title='bbox 2038 3358 2250 3414; x_wconf 85' lang='lat' dir='ltr'><strong>Nonne</strong></span> <span class='ocrx_word' id='word_1_224' title='bbox 2281 3360 2514 3417; x_wconf 79' lang='lat' dir='ltr'><strong>meritas</strong></span> 
     </span>
    </p>
   </div>
   <div class='ocr_carea' id='block_1_4' title="bbox 238 3448 2516 3527">
    <p class='ocr_par' dir='ltr' id='par_1_17' title="bbox 238 3448 2516 3527">
     <span class='ocr_line' id='line_1_30' title="bbox 238 3448 2516 3527; baseline 0 -20"><span class='ocrx_word' id='word_1_225' title='bbox 238 3508 246 3515; x_wconf 80' lang='grc'>,</span> <span class='ocrx_word' id='word_1_226' title='bbox 370 3451 659 3527; x_wconf 81' lang='lat' dir='ltr'><strong>expendet</strong></span> <span class='ocrx_word' id='word_1_227' title='bbox 684 3450 916 3527; x_wconf 82' lang='lat' dir='ltr'><strong>poenasi’</strong></span> <span class='ocrx_word' id='word_1_228' title='bbox 948 3449 1099 3506; x_wconf 85' lang='lat' dir='ltr'><strong>Hinc</strong></span> <span class='ocrx_word' id='word_1_229' title='bbox 1125 3449 1224 3505; x_wconf 84' lang='lat' dir='ltr'><strong>illa</strong></span> <span class='ocrx_word' id='word_1_230' title='bbox 1250 3449 1461 3505; x_wconf 84' lang='lat' dir='ltr'><strong>mentis</strong></span> <span class='ocrx_word' id='word_1_231' title='bbox 1482 3448 1666 3505; x_wconf 80' lang='lat' dir='ltr'><strong>anxiae</strong></span> <span class='ocrx_word' id='word_1_232' title='bbox 1688 3466 1754 3505; x_wconf 88' lang='lat' dir='ltr'><strong>ac</strong></span> <span class='ocrx_word' id='word_1_233' title='bbox 1783 3449 1933 3505; x_wconf 84' lang='lat' dir='ltr'><strong>male</strong></span> <span class='ocrx_word' id='word_1_234' title='bbox 1959 3449 2267 3506; x_wconf 88' lang='lat' dir='ltr'><strong>metuentis</strong></span> <span class='ocrx_word' id='word_1_235' title='bbox 2295 3451 2516 3509; x_wconf 86' lang='lat' dir='ltr'><strong>sollici-</strong></span> 
     </span>
    </p>
   </div>
   <div class='ocr_carea' id='block_1_5' title="bbox 362 3540 2518 4175">
    <p class='ocr_par' dir='ltr' id='par_1_18' title="bbox 362 3540 2518 4175">
     <span class='ocr_line' id='line_1_31' title="bbox 370 3540 2514 3621; baseline 0 -20"><span class='ocrx_word' id='word_1_236' title='bbox 370 3544 551 3613; x_wconf 82' lang='lat' dir='ltr'><strong>tudo,</strong></span> <span class='ocrx_word' id='word_1_237' title='bbox 585 3564 712 3621; x_wconf 79' lang='lat' dir='ltr'><strong>quae</strong></span> <span class='ocrx_word' id='word_1_238' title='bbox 738 3542 1034 3600; x_wconf 87' lang='lat' dir='ltr'><strong>hominem</strong></span> <span class='ocrx_word' id='word_1_239' title='bbox 1059 3560 1181 3599; x_wconf 84' lang='lat' dir='ltr'><strong>non</strong></span> <span class='ocrx_word' id='word_1_240' title='bbox 1209 3540 1423 3598; x_wconf 86' lang='lat' dir='ltr'><strong>deserit</strong></span> <span class='ocrx_word' id='word_1_241' title='bbox 1458 3540 1521 3596; x_wconf 89' lang='lat' dir='ltr'><strong>in</strong></span> <span class='ocrx_word' id='word_1_242' title='bbox 1559 3540 1678 3615; x_wconf 84' lang='lat' dir='ltr'><strong>ipsa</strong></span> <span class='ocrx_word' id='word_1_243' title='bbox 1711 3558 1904 3597; x_wconf 87' lang='lat' dir='ltr'><strong>mensa</strong></span> <span class='ocrx_word' id='word_1_244' title='bbox 1920 3579 1938 3611; x_wconf 93' lang='lat'><strong>,</strong></span> <span class='ocrx_word' id='word_1_245' title='bbox 1965 3540 2068 3595; x_wconf 83' lang='lat' dir='ltr'><strong>ubi</strong></span> <span class='ocrx_word' id='word_1_246' title='bbox 2095 3540 2285 3597; x_wconf 75' lang='lat' dir='ltr'><strong>fauces</strong></span> <span class='ocrx_word' id='word_1_247' title='bbox 2305 3542 2514 3617; x_wconf 80' lang='lat' dir='ltr'><strong>aridae,</strong></span> 
     </span>
     <span class='ocr_line' id='line_1_32' title="bbox 368 3630 2518 3711; baseline -0.001 -17"><span class='ocrx_word' id='word_1_248' title='bbox 368 3647 641 3711; x_wconf 75' lang='lat' dir='ltr'><strong>tanquam</strong></span> <span class='ocrx_word' id='word_1_249' title='bbox 667 3634 817 3691; x_wconf 76' lang='lat' dir='ltr'><strong>febri</strong></span> <span class='ocrx_word' id='word_1_250' title='bbox 842 3634 1167 3705; x_wconf 78' lang='lat' dir='ltr'><strong>laboraret,</strong></span> <span class='ocrx_word' id='word_1_251' title='bbox 1194 3632 1389 3689; x_wconf 87' lang='lat' dir='ltr'><strong>cibum</strong></span> <span class='ocrx_word' id='word_1_252' title='bbox 1422 3630 1709 3708; x_wconf 79' lang='lat' dir='ltr'><strong>deglutire</strong></span> <span class='ocrx_word' id='word_1_253' title='bbox 1736 3630 1836 3688; x_wconf 76' lang='lat' dir='ltr'><strong>vix</strong></span> <span class='ocrx_word' id='word_1_254' title='bbox 1862 3642 2136 3706; x_wconf 81' lang='lat' dir='ltr'><strong>possunt,</strong></span> <span class='ocrx_word' id='word_1_255' title='bbox 2163 3632 2518 3693; x_wconf 76' lang='lat' dir='ltr'><strong>haerentibus</strong></span> 
     </span>
     <span class='ocr_line' id='line_1_33' title="bbox 366 3723 2512 3807; baseline 0 -23"><span class='ocrx_word' id='word_1_256' title='bbox 366 3724 522 3785; x_wconf 83' lang='lat' dir='ltr'><strong>inter</strong></span> <span class='ocrx_word' id='word_1_257' title='bbox 552 3729 705 3802; x_wconf 83' lang='lat' dir='ltr'><strong>ipsos</strong></span> <span class='ocrx_word' id='word_1_258' title='bbox 742 3727 942 3784; x_wconf 83' lang='lat' dir='ltr'><strong>dentes</strong></span> <span class='ocrx_word' id='word_1_259' title='bbox 982 3726 1253 3801; x_wconf 82' lang='lat' dir='ltr'><strong>dapibus,</strong></span> <span class='ocrx_word' id='word_1_260' title='bbox 1290 3737 1349 3783; x_wconf 87' lang='lat' dir='ltr'><strong>et</strong></span> <span class='ocrx_word' id='word_1_261' title='bbox 1381 3743 1481 3783; x_wconf 87' lang='lat' dir='ltr'><strong>eos</strong></span> <span class='ocrx_word' id='word_1_262' title='bbox 1498 3766 1517 3796; x_wconf 90' lang='lat'><strong>,</strong></span> <span class='ocrx_word' id='word_1_263' title='bbox 1541 3726 1690 3802; x_wconf 82' lang='lat' dir='ltr'><strong>¹quia</strong></span> <span class='ocrx_word' id='word_1_264' title='bbox 1728 3743 1878 3801; x_wconf 73' lang='lat' dir='ltr'><strong>aegre</strong></span> <span class='ocrx_word' id='word_1_265' title='bbox 1916 3723 2301 3799; x_wconf 81' lang='lat' dir='ltr'><strong>trajiciuntur,</strong></span> <span class='ocrx_word' id='word_1_266' title='bbox 2335 3729 2512 3807; x_wconf 74' lang='lat' dir='ltr'><strong>magis</strong></span> 
     </span>
     <span class='ocr_line' id='line_1_34' title="bbox 366 3816 2512 3897; baseline 0.001 -20"><span class='ocrx_word' id='word_1_267' title='bbox 366 3820 661 3897; x_wconf 76' lang='lat' dir='ltr'><strong>magisque</strong></span> <span class='ocrx_word' id='word_1_268' title='bbox 682 3818 1073 3896; x_wconf 76' lang='lat' dir='ltr'><strong>implentibus.</strong></span> <span class='ocrx_word' id='word_1_269' title='bbox 1102 3819 1346 3892; x_wconf 81' lang='lat' dir='ltr'><strong>Respuit</strong></span> <span class='ocrx_word' id='word_1_270' title='bbox 1363 3818 1499 3874; x_wconf 80' lang='lat' dir='ltr'><strong>vina</strong></span> <span class='ocrx_word' id='word_1_271' title='bbox 1514 3858 1535 3888; x_wconf 93' lang='lat'><strong>,</strong></span> <span class='ocrx_word' id='word_1_272' title='bbox 1557 3820 1652 3873; x_wconf 76' lang='lat' dir='ltr'><strong>vel</strong></span> <span class='ocrx_word' id='word_1_273' title='bbox 1675 3818 1920 3891; x_wconf 79' lang='lat' dir='ltr'><strong>optimn3</strong></span> <span class='ocrx_word' id='word_1_274' title='bbox 1945 3816 2238 3875; x_wconf 79' lang='lat' dir='ltr'><strong>Albanum</strong></span> <span class='ocrx_word' id='word_1_275' title='bbox 2265 3834 2432 3879; x_wconf 80' lang='lat' dir='ltr'><strong>vetus</strong></span> <span class='ocrx_word' id='word_1_276' title='bbox 2457 3832 2512 3879; x_wconf 82' lang='lat' dir='ltr'><strong>et</strong></span> 
     </span>
     <span class='ocr_line' id='line_1_35' title="bbox 364 3908 2508 3993; baseline 0 -22"><span class='ocrx_word' id='word_1_277' title='bbox 364 3932 713 3990; x_wconf 81' lang='lat' dir='ltr'><strong>generosum</strong></span> <span class='ocrx_word' id='word_1_278' title='bbox 738 3912 983 3981; x_wconf 82' lang='lat' dir='ltr'><strong>fastidit;</strong></span> <span class='ocrx_word' id='word_1_279' title='bbox 1020 3910 1071 3968; x_wconf 89' lang='lat' dir='ltr'><strong>si</strong></span> <span class='ocrx_word' id='word_1_280' title='bbox 1096 3911 1432 3987; x_wconf 78' lang='lat' dir='ltr'><strong>generosius</strong></span> <span class='ocrx_word' id='word_1_281' title='bbox 1452 3910 1702 3984; x_wconf 42' lang='lat' dir='ltr'><strong>aliquod,</strong></span> <span class='ocrx_word' id='word_1_282' title='bbox 1721 3908 1954 3981; x_wconf 75' lang='lat' dir='ltr'><strong>afferas,</strong></span> <span class='ocrx_word' id='word_1_283' title='bbox 1991 3909 2073 3967; x_wconf 85' lang='lat' dir='ltr'><strong>ita</strong></span> <span class='ocrx_word' id='word_1_284' title='bbox 2106 3911 2309 3971; x_wconf 81' lang='lat' dir='ltr'><strong>densas</strong></span> <span class='ocrx_word' id='word_1_285' title='bbox 2341 3935 2508 3993; x_wconf 76' lang='lat' dir='ltr'><strong>rugas</strong></span> 
     </span>
     <span class='ocr_line' id='line_1_36' title="bbox 362 4002 2510 4077; baseline 0 -16"><span class='ocrx_word' id='word_1_286' title='bbox 362 4004 557 4061; x_wconf 76' lang='lat' dir='ltr'><strong>fronte</strong></span> <span class='ocrx_word' id='word_1_287' title='bbox 577 4012 875 4063; x_wconf 82' lang='lat' dir='ltr'><strong>contracta</strong></span> <span class='ocrx_word' id='word_1_288' title='bbox 894 4002 1075 4073; x_wconf 80' lang='lat' dir='ltr'><strong>ducit,</strong></span> <span class='ocrx_word' id='word_1_289' title='bbox 1092 4002 1255 4077; x_wconf 79' lang='lat' dir='ltr'><strong>quasi</strong></span> <span class='ocrx_word' id='word_1_290' title='bbox 1272 4003 1581 4059; x_wconf 84' lang='lat' dir='ltr'><strong>Falernum</strong></span> <span class='ocrx_word' id='word_1_291' title='bbox 1602 4020 1734 4057; x_wconf 83' lang='lat' dir='ltr'><strong>acre</strong></span> <span class='ocrx_word' id='word_1_292' title='bbox 1749 4011 2158 4077; x_wconf 85' lang='lat' dir='ltr'><strong>austerumque</strong></span> <span class='ocrx_word' id='word_1_293' title='bbox 2179 4004 2420 4064; x_wconf 84' lang='lat' dir='ltr'><strong>biberet.</strong></span> <span class='ocrx_word' id='word_1_294' title='bbox 2442 4007 2510 4063; x_wconf 88' lang='lat' dir='ltr'><strong>Si</strong></span> 
     </span>
     <span class='ocr_line' id='line_1_37' title="bbox 364 4094 2508 4175; baseline 0 -20"><span class='ocrx_word' id='word_1_295' title='bbox 364 4116 475 4175; x_wconf 85' lang='lat' dir='ltr'><strong>per</strong></span> <span class='ocrx_word' id='word_1_296' title='bbox 493 4108 725 4155; x_wconf 88' lang='lat' dir='ltr'><strong>noctem</strong></span> <span class='ocrx_word' id='word_1_297' title='bbox 752 4118 785 4154; x_wconf 84' lang='lat' dir='ltr'><strong>a</strong></span> <span class='ocrx_word' id='word_1_298' title='bbox 808 4096 961 4155; x_wconf 84' lang='lat' dir='ltr'><strong>curis</strong></span> <span class='ocrx_word' id='word_1_299' title='bbox 982 4116 1047 4155; x_wconf 79' lang='lat' dir='ltr'><strong>nc</strong></span> <span class='ocrx_word' id='word_1_300' title='bbox 1066 4106 1227 4155; x_wconf 86' lang='lat' dir='ltr'><strong>metu</strong></span> <span class='ocrx_word' id='word_1_301' title='bbox 1252 4094 1538 4175; x_wconf 83' lang='lat' dir='ltr'><strong>respirare</strong></span> <span class='ocrx_word' id='word_1_302' title='bbox 1557 4094 1870 4172; x_wconf 78' lang='lat' dir='ltr'><strong>paulisper,</strong></span> <span class='ocrx_word' id='word_1_303' title='bbox 1895 4105 1952 4153; x_wconf 85' lang='lat' dir='ltr'><strong>et</strong></span> <span class='ocrx_word' id='word_1_304' title='bbox 1975 4094 2279 4175; x_wconf 85' lang='lat' dir='ltr'><strong>indulgere</strong></span> <span class='ocrx_word' id='word_1_305' title='bbox 2305 4116 2508 4159; x_wconf 77' lang='lat' dir='ltr'><strong>sonno</strong></span> 
     </span>
    </p>
   </div>
  </div>
 </body>
</html>
