3050 4884
1037 402 1415 467 SATmA
1460 403 1876 467 DECIMA.
2441 398 2522 482 59

369 513 777 584 Torrentem
795 567 815 601 ,
842 531 913 586 et
939 515 1123 611 pleni
1152 517 1612 586 moderantem
1642 517 1830 586 frena
1857 519 2120 588 theatri.

368 621 491 691 Dis
522 622 638 692 ille
671 625 971 695 adversis
998 625 1299 719 genitus,
1330 625 1604 719 fatoque
1635 628 1937 713 sinistr0,

364 731 589 818 Quem
617 748 819 827 pater
844 735 1137 805 ardentis
1164 761 1395 805 massae
1426 735 1710 830 fuligine
1737 735 1994 831 lippuS,
2425 745 2523 798 130

366 843 425 908 A
452 843 755 913 carbone
785 860 853 913 et
878 845 1283 940 fomipihm,
1319 845 1708 940 gladiosque
1743 862 2020 941 parante
2039 891 2055 905 ·

368 951 659 1039 Incude,
697 968 767 1022 et
794 953 981 1024 luteo
1006 953 1315 1026 Vulcano
1344 955 1429 1024 ad
1460 956 1736 1026 rhetora
1762 958 1960 1026 misit.

462 1061 813 1132 Bellorum
835 1067 1119 1153 exuviae,
1149 1068 1407 1136 truncis
1434 1065 1636 1134 affixa
1663 1066 1932 1158 tropaeis

372 1172 657 1260 Lorica‚
690 1189 761 1244 et
782 1174 995 1244 fracta
1017 1177 1099 1246 de
1122 1175 1374 1246 casside
1406 1175 1698 1245 buccula
1726 1174 2034 1270 pendens
2051 1227 2069 1258 ,
2269 1243 2291 1258 ,

370 1283 458 1350 Et
480 1299 763 1352 curtum
792 1299 1063 1355 temone
1086 1287 1359 1382 jugum,
1388 1287 1726 1379 victaeque
1758 1285 2050 1354 triremis
2433 1299 2527 1350 135

372 1390 727 1485 Aplustre,
755 1409 822 1463 et
852 1419 1121 1466 summo
1150 1397 1357 1469 tristis
1388 1397 1698 1491 captivus
1725 1397 1796 1464 in
1824 1420 1985 1464 arcu
2002 1447 2021 1480 ,

372 1503 711 1571 Humanis
744 1503 1003 1597 majora
1032 1505 1229 1574 bonis
1258 1505 1637 1575 creduntur
1669 1532 1686 1573 τ
1722 1505 1808 1574 ad
1843 1505 1991 1574 haec
2022 1529 2091 1572 se

374 1611 727 1681 Romanus
756 1615 1137 1708 Graiusque
1166 1640 1245 1685 ac
1277 1617 1603 1685 barbarus
1637 1616 2094 1710 endoperator

374 1722 615 1790 Erexit
642 1747 659 1790 τ
690 1748 949 1794 caussas
976 1725 1380 1794 discriminis
1410 1740 1610 1818 atque
1637 1725 1884 1794 laboris

375 1829 545 1900 Inde
574 1831 811 1902 habuit
838 1859 857 1904 z
892 1849 1079 1904 tanto
1106 1833 1325 1928 major
1351 1834 1548 1904 famae
1577 1837 1720 1904 sitis
1743 1851 1874 1918 est,
1900 1860 2104 1928 quam
2436 1851 2535 1908 140

374 1939 693 2010 Virtutis.
730 1941 902 2030 Quis
929 1944 1113 2012 enim
1142 1945 1469 2014 virtutem
1498 1944 1933 2042 amplectitur
1965 1945 2210 2038 ipsam,
2505 1929 2516 1944 ⁸

378 2050 664 2119 Praemia
691 2052 743 2119 si
772 2051 1006 2122 tollas?
1036 2055 1333 2123 Patriam
1362 2070 1586 2122 tamen
1619 2055 1852 2123 obruit
1883 2053 2046 2123 olim

382 2155 623 2230 Gloria
648 2185 1055 2254 paucorum,
1084 2178 1155 2232 et
1184 2162 1400 2232 laudis
1427 2163 1742 2258 titulique
1776 2163 2026 2258 cupido

381 2390 785 2466 suspiciebant.
798 2394 1249 2452 Demosthenem
1262 2396 1530 2471 profecto
1544 2397 1704 2453 iratis
1717 2407 1918 2452 natum
1934 2415 2054 2453 esse
2072 2395 2328 2470 Superis,
2347 2393 2536 2451 infen-

383 2481 573 2556 sisque
590 2481 721 2539 fatis
746 2485 1041 2558 oportuit,
1072 2505 1248 2562 quem
1270 2507 1477 2562 parens
1500 2488 1692 2563 lippus
1714 2489 1792 2545 ob
1819 2487 1965 2544 fumi
1993 2485 2292 2562 fuliginem
2313 2498 2370 2542 et
2400 2505 2534 2542 can-

384 2572 573 2632 dentis
592 2574 737 2632 ferri
754 2595 981 2651 massas,
1001 2597 1143 2654 quas
1163 2589 1405 2636 tractare
1419 2590 1825 2650 consueverat,
1840 2578 2040 2653 jussit,
2059 2575 2256 2634 relicta
2285 2575 2535 2644 officina,

384 2668 593 2724 amini
610 2680 671 2727 et
686 2671 955 2728 carbonis
970 2671 1229 2747 squalida
1242 2673 1513 2742 crassitie,
1533 2671 1853 2747 forcipibus
1871 2682 1929 2728 et
1941 2671 2174 2738 incude,
2193 2671 2256 2726 in
2275 2689 2386 2744 qua
2409 2670 2536 2746 gla-

386 2759 465 2816 dii
480 2761 933 2835 fabricabantur,
947 2763 1023 2820 ad
1034 2763 1339 2821 rhetoricae
1358 2763 1747 2839 professorem
1762 2763 1824 2819 in
1841 2762 2046 2818 ludum
2065 2760 2410 2818 litterarium
2431 2761 2535 2816 ire.

462 2853 592 2910 133.
634 2856 727 2910 Ita
755 2858 935 2934 vulgo
960 2874 1296 2931 persuasum
1328 2856 1636 2928 habemns,
1661 2855 1844 2931 spolia
1865 2853 2132 2912 hostibus
2161 2863 2389 2927 erepta,
2429 2871 2536 2908 ex-

388 2947 625 3006 citatum
644 2968 679 3006 e
696 2949 960 3006 mutilata
976 2969 1197 3026 quercu
1217 2951 1540 3024 trophaeum
1554 2991 1570 3018 ‚
1596 2967 1667 3006 ex
1687 2968 1874 3025 eoque
1891 2967 2226 3024 suspensum
2243 2947 2538 3003 thoracem

386 3040 669 3113 ferreum,
704 3053 765 3099 et
783 3043 1089 3100 bucculnm
1119 3044 1193 3100 de
1218 3045 1399 3101 fracta
1428 3045 1588 3119 galea
1621 3042 1999 3117 pendentem,
2022 3039 2230 3116 jugum
2251 3059 2284 3094 a
2307 3049 2538 3095 temone

390 3151 489 3188 suo
514 3133 781 3189 avulsum
798 3175 815 3206 ,
854 3133 1159 3209 dereptum
1188 3153 1221 3191 e
1247 3135 1413 3190 victae
1446 3133 1610 3190 navis
1635 3151 1814 3209 prora
1847 3142 2282 3200 ornamentum3
2313 3138 2540 3185 erectos

390 3223 448 3280 in
480 3225 967 3301 triumphantium
998 3227 1285 3284 honorem
1327 3226 1606 3295 fornices,
1640 3225 1704 3281 in
1729 3241 2048 3298 eorumque
2074 3239 2340 3297 suprema
2373 3229 2546 3295 parte

388 3317 601 3390 positas
634 3335 671 3372 e
702 3335 844 3373 saxo
882 3315 1097 3394 effigies
1132 3317 1530 3393 captivorum3
1565 3319 1715 3388 haec,
1737 3317 2003 3391 inquam,
2037 3313 2232 3370 omnia
2253 3329 2542 3368 summum-

390 3405 451 3464 in
484 3409 755 3465 humanis
790 3409 961 3466 bonis
990 3409 1259 3467 obtinere
1295 3411 1519 3481 locum,
1563 3409 1750 3484 iisqne
1785 3407 2060 3463 mortales
2084 3404 2158 3461 ad
2191 3403 2348 3478 ipsos
2383 3406 2542 3459 Deos

389 3501 557 3557 evehi
576 3501 949 3559 arbitramur.
974 3503 1108 3559 Haec
1130 3503 1229 3558 illa
1248 3513 1410 3570 sunt,
1449 3521 1580 3576 quae
1603 3511 1672 3558 ut
1703 3509 2198 3575 consequerentur
2227 3496 2415 3552 Graeci
2436 3513 2544 3570 pa·-

390 3591 533 3648 riter
550 3609 619 3648 ac
640 3594 891 3650 Romani
913 3593 1089 3650 duces
1114 3593 1463 3670 barbarique
1478 3594 1889 3670 imperatores,
1915 3591 2062 3648 nihil
2083 3591 2346 3646 inausum
2373 3589 2540 3645 inex-

388 3695 736 3758 pertumque
764 3685 1168 3759 reliquerunt3
1200 3705 1325 3742 eam
1352 3688 1432 3743 ob
1454 3705 1581 3744 rem
1609 3697 1698 3742 tot
1721 3704 1780 3742 se
1800 3683 2100 3760 periculis,
2129 3693 2222 3739 tot
2240 3681 2540 3738 laboribus

388 3777 760 3850 objecerunt,
792 3797 941 3853 quos
968 3797 1142 3835 nemo
1170 3779 1405 3836 virtutis
1443 3778 1811 3854 assequendae
1845 3795 2038 3834 caussa
2067 3776 2363 3850 suscipiat3
2391 3773 2538 3829 adeo

390 3879 615 3924 constat
634 3869 901 3926 homines
918 3869 1081 3926 famae
1102 3889 1273 3946 quam
1303 3871 1536 3928 virtutis
1562 3869 1850 3926 avidiores
1879 3871 2021 3925 esse!
2050 3871 2238 3939 Quem
2262 3864 2416 3922 enim
2443 3883 2537 3920 re-

386 3962 603 4035 perias,
630 3962 736 4036 qui
770 3962 1047 4019 virtutem
1077 3965 1286 4034 solam,
1318 3965 1542 4019 sublata
1569 3981 1668 4036 spe
1703 3961 1985 4019 mercedis
2016 3981 2082 4017 ac
2117 3957 2368 4034 praemii,
2395 3975 2536 4012 con—

389 4054 679 4111 sectetur?
702 4055 867 4110 Hanc
886 4065 1079 4112 tamen
1112 4055 1377 4113 bellicam
1406 4055 1634 4112 laudem
1663 4055 1800 4111 dum
1825 4053 1994 4131 pauci
2017 4053 2252 4128 quidam
2275 4051 2539 4104 ambiunt

390 4158 769 4222 praepostere,
813 4145 1215 4206 florentissima
1268 4146 1504 4222 imperia
1555 4165 1830 4223 suamque
1873 4147 2120 4222 patriam
2163 4153 2536 4213 everterunt,

1242 4393 1266 4426 ἱ
