3050 4884
539 398 618 440 η
709 376 791 441 n.
852 373 1130 440 JUNH
1185 328 1755 438 JUVENALIS
1815 376 2184 444 SATIRA
2234 378 2575 454 NONA„

529 490 670 560 Aut
697 491 901 574 farre,
934 506 1003 559 et
1039 488 1228 557 tenui
1257 488 1436 557 soleo
1467 512 1745 556 exorare
1779 514 2067 579 corona,

526 602 820 690 Quando
853 624 976 695 ego
1009 600 1210 693 figam
1237 597 1528 692 aliquid,
1558 622 1695 691 quo
1726 599 1813 667 sit
1844 602 2015 670 mihi
2045 616 2192 672 tuta
2222 617 2532 672 senectus

530 712 588 779 A
621 726 834 805 tegete
868 725 934 778 et
959 704 1233 777 baculo!
1265 707 1504 800 viginti
1533 705 1739 776 millia
1770 706 1965 777 fenus
2580 730 2679 787 ιω

527 822 924 913 pigneribus
941 819 1222 913 positis,
1256 816 1516 909 argenti
1551 817 1819 886 vascula
1856 821 2045 912 puri,

523 928 654 999 Sed
689 955 838 1023 quae
866 928 1210 997 Fabricius
1244 950 1480 995 censor
1515 940 1743 1012 notet,
1781 942 1852 995 et
1877 929 2015 997 duo
2055 930 2259 999 fortes

521 1040 627 1106 De
655 1062 854 1133 grege
885 1038 1294 1121 Moesorum,
1331 1036 1448 1128 qui
1478 1060 1589 1102 me
1625 1035 1889 1104 cervice
1920 1034 2141 1107 locata

517 1152 846 1221 Securum
875 1148 1160 1240 jubeant
1189 1144 1482 1214 clamoso
1515 1144 1820 1213 insistere
1853 1146 2066 1217 circo!

523 1262 627 1328 Sit
651 1260 818 1327 mihi
846 1272 1170 1351 praeterea
1205 1279 1452 1325 curvus
1482 1253 1785 1341 caelator,
1823 1272 1891 1325 et
1915 1246 2117 1343 alter,
2584 1274 2682 1335 145

522 1369 662 1455 Qui
694 1365 936 1436 multas
965 1368 1172 1435 facies
1205 1368 1443 1459 pingat
1471 1361 1639 1433 cito!
1682 1364 2033 1435 sufficiunt
2064 1368 2242 1453 haec,

519 1476 812 1565 Quando
849 1502 977 1570 ego
1005 1498 1266 1570 pauper
1295 1498 1434 1541 ero.
1466 1475 1725 1543 Votum
1759 1476 2138 1547 miserabile
2158 1530 2176 1564 ,
2214 1502 2341 1546 nec
2372 1502 2522 1571 spes

522 1586 647 1653 His
672 1584 908 1654 saltem
935 1610 950 1652 :
977 1608 1166 1669 nam,
1200 1606 1410 1675 quum
1445 1607 1573 1676 pro
1606 1609 1716 1653 me
1743 1588 2046 1656 Fortuna
2079 1601 2387 1682 rogatur,

521 1693 761 1788 Affigit
793 1718 973 1762 ceras
1006 1689 1118 1760 illa
1145 1690 1228 1760 de
1256 1716 1429 1759 nave
1460 1694 1731 1785 petitaS,

521 1801 694 1889 Quae
724 1799 982 1871 Siculos
1019 1814 1254 1868 cantus
1293 1797 1543 1893 effugit
1572 1802 1823 1893 remige
1856 1802 2086 1871 surdo.
2580 1818 2681 1873 150

520 2019 670 2074 mola
692 2020 834 2075 salsa
856 2008 1126 2088 veneror,
1154 2018 1367 2091 quibus
1387 2018 1622 2095 exiguas
1640 2018 1943 2093 imponere
1964 2038 2206 2076 coronas
2226 2020 2385 2076 soleo
2398 2060 2415 2088 ,
2442 2016 2681 2074 fervidis

521 2128 768 2167 exorans
789 2110 1058 2186 precibus
1071 2152 1088 2180 ,
1116 2109 1488 2185 quandonam
1505 2130 1618 2185 ego
1638 2130 1906 2186 assequar
1928 2112 2161 2169 tandem
2186 2123 2403 2168 certam
2424 2110 2683 2185 pecuniae

519 2220 798 2257 summam
817 2243 834 2270 ,
859 2222 974 2276 qua
996 2202 1178 2259 fretus
1203 2201 1476 2278 effugiam
1495 2202 1929 2260 mendicitatem
1956 2204 2017 2259 in
2040 2213 2339 2260 senectute
2354 2244 2371 2273 ,
2391 2214 2461 2259 ut
2478 2220 2553 2257 ne
2578 2201 2689 2257 ob-

521 2294 664 2351 situs
695 2294 1074 2365 centonibus,
1102 2294 1276 2350 nixus
1305 2296 1516 2352 baculo
1535 2337 1551 2364 ,
1585 2296 1791 2370 stipem
1826 2316 2142 2371 corrogare
2173 2296 2391 2373 cogar?
2428 2292 2681 2365 Quando

521 2406 554 2442 e
581 2387 832 2443 nummis
861 2398 1066 2443 mutuo
1089 2386 1236 2443 datis
1265 2386 1543 2461 recipiam
1572 2406 1761 2443 usurae
1784 2388 2021 2444 nomine
2046 2388 2255 2464 viginti
2282 2388 2683 2445 sestertiorum

521 2478 738 2547 millia,
777 2476 1026 2552 acceptis
1069 2489 1201 2533 ante
1231 2477 1613 2553 pignoribus,
1656 2489 1721 2534 ut
1752 2479 1917 2537 fenus
1953 2481 2097 2535 mihi
2138 2480 2323 2551 elabi,
2354 2491 2453 2535 aut
2489 2478 2683 2553 perire

522 2580 792 2642 nequeat.
817 2568 1206 2637 Quandonam
1224 2588 1400 2643 penes
1421 2588 1514 2625 me
1544 2569 1705 2626 domi
1728 2571 1839 2626 erit
1862 2570 2128 2626 nonnihil
2152 2570 2563 2646 suppellectilis
2584 2588 2683 2625 ar-

520 2672 766 2735 genteae,
796 2662 875 2716 ob
899 2680 1074 2735 quam
1101 2680 1132 2715 a
1163 2660 1435 2717 Fabricio
1459 2680 1701 2718 censore
1722 2664 1915 2719 notari
1944 2674 2002 2720 et
2028 2662 2378 2738 reprebendi
2398 2662 2531 2736 jure
2549 2680 2685 2737 pos-

520 2754 666 2808 sim!
697 2754 830 2809 Duo
863 2748 1002 2809 item
1045 2754 1302 2809 valentes
1341 2765 1401 2810 et
1451 2754 1711 2824 robusti,
1748 2754 1943 2828 quales
1983 2772 2015 2809 e
2054 2754 2251 2810 Moesia
2292 2754 2407 2809 huc
2438 2752 2684 2809 xeninnt

520 2846 703 2917 servi,
738 2847 840 2921 qui
861 2864 954 2901 me
975 2858 1134 2903 certa
1152 2847 1419 2903 mercede
1444 2858 1606 2920 pacta
1622 2888 1638 2915 ,
1668 2845 1929 2919 subjecto
1954 2846 2108 2901 collo
2136 2856 2365 2922 gestent
2386 2844 2681 2902 sedentem

523 2938 586 2993 in
630 2939 867 3008 lectica,
909 2949 967 2993 et
997 2957 1104 3012 per
1138 2938 1394 2995 medium
1430 2938 1667 2995 Circum
1700 2940 1923 3013 populo
1954 2938 2308 2995 vociferante
2342 2937 2679 3009 dissertum,

524 3042 654 3088 tuto
683 3030 1022 3107 deportent!
1049 3031 1124 3088 ad
1143 3032 1263 3086 haec
1288 3032 1510 3107 opifex,
1540 3032 1640 3107 qui
1668 3032 1867 3087 caelare
1892 3043 1950 3087 et
1968 3033 2196 3108 signare
2218 3042 2486 3106 argentea
2510 3050 2640 3087 vasa
2661 3054 2679 3103 ;

523 3144 629 3181 nec
659 3142 780 3179 non
803 3123 967 3193 alter,
989 3122 1090 3195 qui
1121 3134 1334 3179 statuas
1353 3134 1410 3179 et
1429 3123 1709 3198 imagines
1733 3142 1802 3179 ex
1828 3122 2032 3199 argilla
2059 3125 2146 3179 vel
2177 3142 2307 3180 cera
2333 3122 2552 3200 fingere
2570 3143 2685 3179 na·-

523 3216 676 3271 viter
704 3231 769 3269 ac
801 3223 1034 3269 strenue
1066 3213 1266 3269 norit?
1295 3216 1430 3269 Haec
1467 3215 1612 3270 mihi
1641 3216 1777 3271 satis
1805 3227 1941 3271 sunt
1966 3214 2042 3271 ad
2066 3214 2243 3271 vitam
2276 3216 2442 3271 beate
2472 3227 2681 3271 transi-

520 3304 802 3382 gendam,
843 3304 1119 3378 quoniam
1158 3306 1221 3360 in
1259 3306 1365 3361 hac
1405 3318 1747 3382 paupertate
1784 3328 1969 3384 cogor
2000 3326 2250 3364 manere.
2284 3310 2503 3364 Votum
2541 3328 2678 3365 sane

519 3399 794 3474 exiguum
817 3408 874 3454 et
893 3398 1246 3455 miserabile!
1271 3398 1374 3454 sed
1397 3418 1471 3455 ne
1489 3399 1588 3455 ina
1610 3400 1845 3474 quidem
1866 3412 1983 3456 tam
2006 3400 2197 3456 tenuia
2214 3419 2445 3475 sperare
2464 3400 2674 3457 ausim:

523 3510 704 3566 quum
736 3490 889 3547 enim
913 3488 1153 3567 rogatur
1178 3490 1411 3548 fortuna
1433 3536 1448 3561 ,
1477 3504 1543 3548 ut
1570 3494 1710 3548 mihi
1732 3494 1921 3549 faveat
1936 3534 1951 3561 ,
1984 3492 2219 3548 videtur
2240 3490 2351 3547 sibi
2376 3510 2541 3547 aures
2564 3510 2676 3565 oph

517 3586 681 3659 plere
705 3602 860 3653 cera,
888 3595 954 3639 ut
974 3584 1116 3640 olim
1136 3585 1371 3659 Ulysses
1395 3583 1659 3660 opplevit
1684 3584 2001 3660 remigibus
2020 3585 2137 3641 suis
2152 3626 2169 3655 ,
2193 3602 2341 3659 quos
2366 3602 2430 3639 ea
2450 3584 2675 3641 ratione

521 3678 729 3736 surdos
753 3676 1008 3734 reddidit
1026 3720 1044 3745 ,
1075 3697 1149 3733 ne
1177 3677 1447 3733 Sirenum
1479 3678 1743 3733 cantibus
1771 3676 1829 3732 in
1857 3677 2173 3750 perniciem
2202 3676 2590 3731 allicerentur.
