3050 4884
879 393 1232 459 sunm
1276 394 1671 461 DEcmA
1715 344 2108 461 ΤΕΒἯΑ.
2405 390 2520 457 ιει

375 506 725 575 Caesariem
748 560 769 595 ,
796 522 867 575 et
897 508 1167 579 madido
1194 524 1626 603 torquentem
1655 536 1912 581 cornua
1933 506 2163 581 ciri-o?
2425 510 2526 565 ¹6⁵

378 616 643 710 Nempe
666 615 851 711 quod
878 617 1023 687 haec
1048 616 1175 687 illis
1208 634 1451 689 natura
1480 636 1580 691 est
1605 622 1920 695 omnibus
1949 646 2106 691 una.

374 725 484 795 Ad
510 726 759 795 subitas
784 728 1123 799 Thracum
1150 727 1459 801 volucres
1491 733 1874 825 nubemque
1903 756 2215 805 sonoram

380 836 731 930 Pygmaeus
762 840 986 932 parvis
1015 840 1229 911 currit
1252 836 1540 911 bellator
1565 840 1637 911 in
1665 840 1912 911 armis:

383 947 550 1013 Mox
583 945 803 1039 impar
830 947 1041 1036 hosti,
1073 962 1437 1043 raptusque
1464 974 1588 1045 per
1611 973 1770 1019 aera
1793 949 2020 1019 curvis

380 1056 737 1150 Unguibus
768 1081 811 1125 a
840 1082 1018 1129 saeva
1050 1058 1266 1129 fertur
1298 1084 1463 1155 grue
1496 1086 1513 1129 ι
1553 1062 1606 1131 si
1644 1060 1870 1131 videas
1900 1060 2034 1129 hoc
2184 1048 2194 1057 ’
2427 1086 2530 1140 170

382 1165 715 1235 Gentibus
744 1168 815 1237 in
842 1170 1127 1253 nostris,
1166 1172 1307 1243 risu
1332 1170 1671 1267 quatiare3
1699 1169 1820 1239 sed
1848 1167 2016 1256 illic,

381 1272 812 1369 Quamquam
846 1278 1081 1348 eadem
1112 1280 1373 1351 assidue
1398 1274 1792 1377 spectentur
1816 1276 2078 1375 praelia,
2111 1274 2292 1345 ridet

379 1384 633 1473 Nemo,
668 1388 785 1457 ubi
820 1402 963 1460 tota
994 1389 1239 1462 cohors
1274 1390 1448 1486 pede
1472 1416 1614 1461 non
1645 1404 1743 1459 est
1773 1388 1971 1457 altior
2001 1409 2166 1455 uno·

474 1536 577 1549 —-
598 1494 890 1567 Nullane
924 1500 1177 1594 perjuri
1214 1501 1455 1593 capitis
1484 1500 1872 1593 fraudisque
1901 1494 2208 1567 nefandae

381 1604 587 1673 Poena
611 1605 894 1683 erit?—-
914 1610 1295 1705 Abreptum
1313 1610 1521 1681 crede
1551 1609 1737 1681 hunc
1764 1608 2074 1703 graviore
2099 1618 2342 1674 catena
2431 1612 2530 1685 175

379 1716 742 1806 ProtenuS,
778 1733 846 1788 et
878 1736 1113 1791 nostro
1139 1720 1351 1819 (quid
1383 1721 1536 1816 plus
1568 1719 1728 1791 velit
1751 1714 1936 1814 irai’)
1965 1716 2190 1787 necari

377 1826 680 1896 Arbitrio
711 1854 727 1897 z
768 1845 995 1902 manet
1022 1829 1135 1901 illa
1160 1846 1387 1903 tamen
1409 1833 1704 1926 jactura,
1734 1855 1862 1901 nec
1883 1850 2212 1923 umquam

378 1936 777 2031 Depositum
801 1940 923 2010 tibi
948 1964 1173 2037 sospes
1196 1944 1326 2013 erit
1351 1968 1367 2013 ε
1398 1942 1515 2013 sed
1535 1966 1826 2038 corpore
1855 1955 2100 2010 trunco

377 2046 715 2117 Invidiosa
743 2048 929 2121 dabit
956 2053 1277 2124 minimus
1302 2052 1539 2123 solatia
1563 2053 1856 2147 sanguis.
2377 2124 2386 2135 ,

378 2194 475 2209 -
498 2159 592 2227 At
616 2159 915 2231 vindicta
944 2162 1199 2233 bonum
1226 2164 1363 2233 vita
1392 2161 1759 2257 jucundius
1793 2163 2030 2255 ipsa....
2432 2164 2530 2217 180

378 2306 477 2323 --
501 2270 767 2365 Nempe
794 2272 927 2343 hoc
956 2272 1252 2361 indocti,
1284 2296 1578 2368 quorum
1607 2270 1984 2365 praecordia
2011 2264 2212 2337 nullis

380 2375 765 2467 Interdum,
802 2394 919 2449 aut
950 2379 1212 2451 levibus
1242 2381 1471 2450 videa-s
1500 2380 1849 2477 flagrantia
1879 2378 2131 2447 causis:

380 2486 1014 2585 Quantulacumque
1042 2489 1214 2560 adeo
1243 2506 1341 2560 est
1368 2493 1673 2581 occasi0,
1702 2488 1956 2559 sufficit
1981 2488 2119 2556 irae.

380 2654 445 2711 in
464 2653 535 2711 iis
562 2657 903 2734 regionibus
927 2658 1149 2727 usitata,
1157 2670 1217 2717 et
1244 2660 1576 2717 communia
1603 2671 1739 2718 sunt
1765 2656 2050 2715 omnibus.
2083 2651 2336 2723 Quando
2361 2668 2538 2727 grues

377 2746 600 2807 infestis
639 2751 935 2827 unguibus
976 2750 1039 2809 in
1084 2754 1381 2829 Pygmaeos
1414 2771 1461 2825 ‘e
1498 2752 1746 2809 Thracia
1792 2758 2061 2823 repente,
2106 2746 2266 2802 velut
2318 2762 2533 2801 sonora

378 2839 597 2911 nubes,
627 2840 969 2911 incurrunt,
1006 2842 1093 2899 ini
1127 2842 1476 2917 pumiliones
1510 2844 1694 2901 aciem
1726 2840 1943 2898 scilicet
1979 2838 2305 2907 instruunt,
2337 2848 2392 2891 et
2419 2853 2533 2909 pu·-

378 2934 519 2991 sillis
544 2936 719 2992 armis
746 2936 1161 3011 accinguntur3
1192 2956 1299 2995 nec
1331 2937 1656 2997 miscendo
1683 2952 1880 3009 pares,
1909 2952 1944 2989 a
1967 2930 2210 3007 gruibus
2237 2928 2398 2985 sevis
2426 2944 2534 3001 per

380 3044 547 3083 auras
570 3026 814 3083 sublime
840 3026 1170 3103 rapiuntur.
1214 3030 1343 3087 Hoc
1368 3027 1419 3085 si
1444 3044 1713 3085 cerneres
1745 3025 1808 3081 in
1833 3024 2026 3093 ltalia,
2053 3021 2236 3080 risum
2265 3020 2531 3095 profecto

382 3138 507 3177 non
532 3130 791 3177 teneres:
820 3120 978 3195 apud
998 3122 1293 3197 Pygmaeos
1316 3136 1459 3177 vero
1473 3117 1781 3195 ‚quamvis
1793 3117 1908 3175 hoc
1931 3115 2086 3174 idem
2107 3116 2287 3192 vulgo
2307 3124 2533 3188 specte-

386 3224 485 3273 tur
513 3215 805 3289 praelium,
832 3216 1053 3273 nemini
1078 3235 1143 3274 ea
1174 3234 1266 3273 τω
1288 3226 1481 3273 tamen
1513 3215 1696 3271 risum
1716 3222 1940 3285 movet,
1971 3210 2075 3268 ubi
2103 3208 2336 3267 nullus
2321 3228 2384 3265 ιιι
2403 3218 2534 3265 toto

383 3307 643 3367 exercitu
676 3308 840 3367 miles
866 3307 1032 3384 pedis
1063 3308 1235 3367 unius
1270 3284 1600 3366 menstirnm
1632 3305 1878 3364 excedit.
1906 3338 1988 3351 -
2013 3306 2274 3380 Ergone,
2305 3300 2529 3381 inquis,

380 3400 633 3457 inultum
656 3401 877 3459 oximen
904 3399 1161 3477 perfidia·
1180 3412 1237 3457 et
1264 3400 1483 3459 fraudis
1506 3400 1766 3458 nefanda:
1794 3398 2008 3455 amicus
2035 3394 2220 3453 feret?
2245 3420 2326 3439 ο·-
2349 3393 2532 3469 Finge

381 3491 549 3549 inum
574 3492 765 3549 statim
788 3493 851 3551 in
880 3504 1095 3551 tetrum
1122 3512 1411 3552 carcerem
1436 3492 1650 3567 conjici
1670 3535 1686 3564 ,
1715 3509 1781 3551 ac
1813 3503 1914 3549 tuo
1935 3490 2220 3547 arbitratu
2249 3485 2528 3557 interfici,

384 3584 531 3641 nihil
548 3586 701 3643 enim
713 3584 960 3658 ,eredo,
982 3586 1227 3662 amplius
1242 3598 1473 3663 expetet
1492 3585 1578 3643 ira
1605 3597 1736 3643 tua:
1757 3602 1878 3641 non
1897 3582 2118 3640 idcireo
2143 3594 2334 3636 tamen
2353 3578 2534 3653 depo-

384 3677 559 3733 situm
596 3678 703 3735 tibi
729 3690 895 3737 tuum
926 3679 1295 3749 restituetur,
1326 3699 1517 3755 neque
1543 3680 1706 3736 illato
1735 3677 1949 3734 damno
1984 3673 2266 3732 medicina
2300 3671 2380 3728 sic
2401 3670 2534 3742 fiet3

386 3770 514 3829 leve
538 3770 819 3829 duntaxat
847 3771 1115 3829 solatium
1143 3783 1202 3830 et
1232 3772 1465 3831 invidiae
1491 3774 1761 3847 plenum,
1791 3788 1864 3827 ex
1900 3768 2021 3843 eiua
2047 3778 2291 3825 cruento
2317 3776 2376 3823 et
2403 3784 2534 3821 mu·-

388 3860 553 3919 tilato
592 3862 871 3921 cadavere
898 3863 1159 3938 accipies.
1200 3895 1283 3907 —
1322 3866 1400 3920 At
1433 3864 1584 3921 enim
1612 3864 1784 3921 dulce
1811 3872 1898 3918 est
1923 3858 2144 3929 ulcisci,
2181 3870 2240 3915 et
2267 3858 2388 3915 vita
2415 3858 2536 3932 ipso

386 3954 649 4013 dulcius?
674 3986 759 4001 —
785 3956 1075 4013 Nimirum
1098 3956 1177 4013 ita
1196 3956 1452 4015 sentiunt
1471 3956 1737 4014 homines
1758 3953 2014 4031 impetiti
2035 3972 2104 4011 ac
2131 3952 2394 4021 barbari,
2433 3948 2536 4025 qui

384 4048 547 4109 nulla
580 4061 680 4107 aut
710 4050 827 4107 levi
866 4050 939 4109 de
974 4070 1167 4109 caussa
1202 4052 1497 4109 interdum
1541 4050 1744 4107 animis
1785 4048 2236 4139 excandescunt,
2281 4062 2534 4120 quorum

382 4141 519 4199 hilis
550 4144 647 4203 vel
682 4144 923 4204 minima
962 4146 1265 4207 occasione
1300 4145 1365 4203 in
1402 4144 1760 4207 iracundiam
1795 4156 1854 4206 et
1897 4144 2158 4203 furorem
2191 4137 2536 4199 exardescit.
