3050 4884
507 363 637 440 346
820 363 1164 430 VARIAE.
1208 363 1817 430 LECTIONES
1861 363 1992 430 ET
2035 363 2346 432 NOTAE

501 476 715 548 tuguria
740 477 1055 532 Nomadum
1078 478 1333 550 plaustris
1360 476 1631 550 imposita.
1675 481 1758 532 De
1779 478 2088 550 mapalibus
2109 483 2396 531 Maurorum
2419 477 2532 534 vid.
2555 473 2664 533 Sil.

504 560 593 626 11,
634 561 946 632 437-448,
979 575 1033 616 et
1055 562 1257 628 XVII,
1300 562 1367 614 88
1397 579 1505 634 seq.
1525 573 1545 598 ¹
1583 591 1656 602 --
1697 559 1840 614 Vide
1873 559 1996 616 Ind-
2021 563 2312 633 geograph.
2349 561 2421 616 ad
2459 563 2656 614 Caesar.

502 657 697 698 nostrae
724 645 1001 712 editionis,
1039 659 1167 700 tom.
1188 646 1291 712 lv,
1312 665 1437 718 pag.
1460 646 1581 716 309.
1610 646 1716 698 En.
1745 646 1930 716 Vulgo
1951 658 2141 717 putant
2157 687 2172 709 ‚
2199 647 2306 698 hoc
2324 647 2660 700 vocabulum

503 746 618 784 esse
636 731 923 794 Punicum,
954 749 1049 784 seu
1070 730 1443 782 Mauritanum
1462 769 1478 794 ,
1500 742 1556 782 et
1581 746 1770 801 synon.
1800 733 2026 782 castella.
2071 727 2177 782 Sed
2198 734 2410 796 attegias
2436 731 2506 782 ab
2533 743 2662 780 acte-

500 817 666 882 3end0
692 814 830 880 dici,
868 827 927 868 ut
960 811 1177 873 καλὺὅοις
1210 813 1309 866 ἀπὸ
1340 820 1425 866 τοῦ
1460 813 1740 875 καλύπτειν,
1781 812 2183 870 contendebant
2209 814 2432 866 Salmas.
2467 814 2662 868 Exerc-

505 895 650 951 Plin.
677 916 733 969 p.
757 899 856 952 311
877 915 892 960 ;
922 896 1171 949 Bochart.
1195 895 1417 966 Phaleg.
1446 897 1537 960 11,
1566 915 1628 963 9,
1649 907 1702 949 et
1722 895 1834 949 alii.
1875 927 1939 936 —-
1985 898 2260 966 Brigantes,
2283 897 2518 968 populus
2539 892 2660 947 Bri-

503 980 701 1032 tanniae
717 991 739 1016 ²
779 977 1244 1032 numerosissimus
1264 1018 1279 1044 ,
1320 981 1474 1050 cujus
1507 991 1673 1050 caput
1698 979 1802 1032 fuit
1827 979 2138 1032 Eboracum
2165 978 2364 1045 (hodie
2390 981 2582 1044 York),
2607 989 2664 1032 et

504 1063 691 1133 regina
727 1063 859 1115 olim
895 1061 1217 1115 clarisssima
1253 1060 1695 1128 Cartismandua;
1729 1060 1840 1116 vid.
1876 1063 2010 1116 Tac.
2049 1063 2122 1120 in.
2143 1063 2282 1118 Hist.
2315 1064 2437 1128 111,
2475 1062 2660 1129 45;in

509 1147 644 1200 Anu.
662 1147 773 1200 XII
794 1187 809 1212 ,
848 1147 911 1199 32
931 1184 947 1210 ,
970 1147 1037 1200 36
1053 1184 1069 1209 ‚
1091 1158 1145 1198 et
1168 1145 1342 1218 Agric.
1363 1163 1484 1217 cap.
1512 1165 1592 1216 17.

575 1245 718 1300 Nor.
764 1262 882 1314 197.
922 1245 1185 1310 Aquilam,
1227 1243 1622 1315 primipilatum
1659 1261 1672 1291 τ
1710 1259 1837 1295 nam
1878 1243 2060 1313 aquila
2104 1262 2298 1306 aurea,
2338 1242 2565 1314 legionis
2591 1241 2664 1294 si-

506 1346 704 1400 gnum,
742 1338 859 1379 erat
893 1326 951 1378 in
988 1324 1235 1378 custodia
1274 1325 1607 1378 centurionis
1648 1325 1824 1397 primi,
1847 1327 1964 1397 pili.
1985 1324 2012 1363 3
2047 1357 2118 1368 --
2157 1332 2458 1396 Locuplecem
2480 1346 2501 1376 .·
2528 1343 2659 1378 nam

498 1411 667 1484 hujus
697 1408 1024 1464 centurionis
1058 1409 1293 1481 dignitas
1328 1408 1622 1462 admodum
1663 1424 1778 1462 erat
1807 1423 2123 1482 qnaestuosa.
2142 1411 2169 1455 ⁴
2202 1444 2272 1454 --
2311 1413 2657 1481 sexagesimus

499 1513 692 1554 annus,
736 1492 866 1564 quia
903 1491 1205 1563 gradatim,
1238 1512 1335 1565 per
1363 1492 1550 1546 decem
1585 1493 1864 1556 cohortes,
1896 1492 1968 1545 ad
2006 1496 2169 1566 primi
2201 1495 2299 1567 pili
2337 1495 2658 1566 dignitatem

504 1575 957 1630 adscendebatur.
995 1575 1152 1630 Conf.
1180 1575 1321 1630 Ptin.
1342 1576 1497 1637 XIV,
1531 1595 1576 1628 1.
1608 1600 1631 1621 ι
1651 1575 2016 1648 Hyperbolice
2039 1577 2156 1630 haec
2183 1591 2238 1630 et
2267 1576 2338 1630 ad
2365 1575 2662 1630 notandam

502 1660 849 1730 praemiorum
870 1657 1183 1712 tarditatem
1210 1676 1225 1712 τ
1255 1677 1383 1713 nam
1403 1670 1527 1730 post
1555 1650 2064 1731 quinquagesimum
2091 1679 2294 1714 annum
2323 1679 2482 1714 nemo
2508 1677 2662 1714 arma

506 1743 645 1796 ferre
664 1744 959 1816 cogebatur
974 1763 990 1809 ς
1008 1769 1030 1790 ι
1060 1743 1198 1799 Ach.

577 1889 717 1938 Van.
764 1891 879 1951 198.
914 1890 1007 1949 Ae,
1041 1906 1123 1950 ιι,
1154 1890 1235 1949 15,
1260 1889 1355 1950 163
1381 1898 1427 1935 ee
1446 1887 1532 1945 45.

573 1985 711 2033 Vn.
754 2001 872 2049 199.
920 1984 1153 2050 Trepido,
1189 2000 1283 2044 10,
1318 1999 1396 2040 ιι,
1426 1999 1519 2043 12,
1562 1951 2044 2048 16-27,n45--5o,
2069 1987 2154 2047 54,
2187 1985 2272 2048 55,
2306 1983 2546 2052 57-69,
2571 2005 2659 2051 71,

507 2067 591 2130 73,
610 2077 658 2114 et
684 2083 859 2116 omnes
883 2068 1045 2117 codd.
1064 2070 1220 2118 Paris.
1248 2067 1384 2132 qnod
1409 2067 1626 2117 restitnit
1647 2067 1776 2117 Ach.
1803 2081 1982 2134 putans
1997 2106 2012 2131 ,
2032 2070 2130 2120 hoc
2155 2071 2350 2120 doctius
2371 2087 2502 2134 esse,
2519 2073 2660 2138 quod

504 2150 631 2198 mihi
658 2166 798 2200 secus
826 2152 1041 2202 videtur.

573 2247 712 2297 Nor.
756 2263 854 2314 ¹99
874 2263 985 2317 seq.
1023 2246 1077 2299 Si
1098 2265 1211 2298 non
1238 2245 1351 2297 sine
1368 2243 1562 2296 timore
1581 2263 1844 2297 cornuum
1871 2245 2238 2320 lituornmque
2258 2268 2450 2303 sonum
2469 2249 2658 2304 audire

502 2326 731 2396 poteris,
758 2341 1113 2382 mercaturam
1133 2346 1348 2391 exerce,
1376 2338 1431 2378 et
1458 2325 1536 2380 ita
1561 2347 1739 2399 quiere
1768 2347 1912 2400 opes.
1943 2331 2056 2384 Cur
2082 2346 2268 2387 venter
2293 2334 2534 2390 solvatur
2557 2351 2658 2408 pa-

502 2427 657 2472 vore,
688 2409 887 2468 docent
910 2413 1158 2468 Macrob.
1178 2412 1321 2479 VII,
1348 2429 1434 2476 11,
1458 2424 1513 2465 et
1541 2412 1681 2466 Gell.
1713 2413 1848 2465 xlx
1866 2453 1883 2480 ‚
1912 2420 1963 2478 4.
1983 2414 2006 2451 ⁵

1348 2585 1813 2612 mmmmm

580 2725 598 2749 ¹
638 2718 855 2768 Rufinus
884 2721 1097 2786 attegias
1126 2723 1272 2786 ponit
1302 2740 1397 2788 pro
1424 2739 1534 2772 um·
1622 2739 1733 2788 pag.
1773 2726 1870 2773 188
1906 2742 2009 2792 seq.
2050 2727 2140 2775 ubi
2178 2729 2390 2792 probare
2419 2740 2652 2792 conatur,

505 2797 746 2862 bracalis,
778 2818 888 2865 quae
916 2803 1275 2854 σκηνοποιῖσθαι
1304 2805 1422 2852 dicit
1445 2805 1537 2852 Jo-

1625 2805 1969 2854 centurionem
1984 2807 2344 2876 primipilarem
2361 2810 2510 2860 fuisse
2519 2813 2661 2878 aqui·

504 2881 689 2944 sephus
716 2917 731 2942 ,
780 2891 838 2930 ut
872 2893 1008 2931 notat
1048 2885 1278 2934 Politian.
1325 2885 1535 2933 miscell.
1622 2883 1835 2934 liferum.

504 2975 548 3006 c.
574 2976 625 3022 9.
646 2962 827 3026 Grang-

578 3045 601 3070 ²
636 3041 759 3090 Nou
771 3076 787 3102 ,
805 3053 861 3090 ut
878 3043 1041 3092 Schol.
1058 3052 1220 3102 notat,
1235 3043 1432 3105 Galliae,
1446 3045 1538 3092 etsi

503 3120 561 3167 in
584 3136 640 3168 ea
664 3122 969 3187 Brigantium
996 3139 1115 3188 opp.
1145 3123 1327 3188 (hodio
1352 3123 1535 3172 Brian-

504 3218 593 3270 foa
612 3200 635 3270 )
654 3237 670 3264 ,
704 3219 820 3252 nam
852 3205 1104 3254 ,Iuvenalis
1141 3205 1448 3270 temporibus
1487 3217 1538 3254 et

504 3282 663 3331 multo
690 3293 801 3332 aute
820 3283 1076 3348 provincia
1103 3294 1208 3332 erat
1231 3282 1402 3334 omnis
1418 3285 1538 3334 Gal·

500 3361 593 3422 lia,
616 3379 709 3410 nec
732 3363 833 3412 ulla
849 3365 943 3412 fuit
963 3374 1085 3412 tunc
1104 3379 1278 3414 caussa
1291 3398 1306 3423 ,
1318 3381 1410 3413 cur
1431 3368 1538 3414 lto-

504 3446 641 3491 mani
676 3445 734 3492 in
769 3462 878 3493 eam
904 3461 1039 3493 arma
1071 3445 1283 3504 serrent3
1305 3445 1431 3494 Aah.
1464 3473 1538 3484 —-

504 3523 709 3571 Notavit
745 3522 982 3572 Schurzss.
1018 3524 1103 3572 hie
1140 3525 1195 3572 in
1232 3534 1329 3572 vet.
1371 3524 1535 3575 Schol.

507 3601 771 3667 legendum
791 3604 995 3654 Guallos
1008 3620 1118 3653 non
1138 3604 1322 3655 Gallos.
1348 3606 1536 3656 Geealli.

504 3699 632 3746 qnos
650 3684 733 3731 alii
744 3685 1017 3734 wallenses
1026 3697 1335 3751 nuncupant,
1343 3695 1536 3737 veteres

504 3772 622 3809 sunt
645 3763 907 3812 Britanniae
930 3765 1120 3830 populi.
1144 3767 1235 3814 En.

576 3838 602 3877 3
638 3842 759 3892 Vid.
777 3846 948 3910 Veget.
972 3849 1050 3907 11,
1078 3849 1132 3906 83
1152 3849 1265 3897 Tac.
1283 3848 1412 3898 Hist-
1436 3849 1539 3910 111,

512 3939 601 3984 ²²3
618 3922 703 3970 Sil.
717 3925 816 3985 VI,
832 3922 897 3975 25
919 3943 1021 3991 seq.
1040 3938 1090 3977 et
1105 3929 1239 3993 Lips.
1254 3929 1367 3977 Mil.
1386 3931 1535 3980 Rom.

505 4005 583 4062 11,
611 4005 658 4053 8.
688 4004 843 4052 Vetus
869 4005 1032 4056 Schol.
1058 4018 1109 4055 et
1132 4011 1280 4056 Farn.
1309 4007 1556 4072 aquilam'

504 4082 560 4132 h.
594 4082 691 4131 loc.
722 4086 785 4132 ad
812 4086 1042 4152 signiferi
1076 4103 1259 4136 munus
1300 4091 1534 4142 referunt.

510 4164 654 4214 Cous.
676 4164 885 4217 Fabrett.
916 4167 983 4218 ad
1002 4169 1231 4219 Column.
1253 4171 1383 4232 Trai.
1412 4187 1459 4222 c.
1483 4186 1536 4238 7,

1695 2959 1721 3002 4
1757 2965 1900 3013 Conf.
1931 2967 2065 3016 Suet.
2091 2968 2146 3016 in
2171 2969 2305 3034 Aug.
2334 2971 2432 3035 49,
2456 2970 2516 3020 in
2539 2969 2656 3020 Tib.

1627 3045 1726 3106 483
1747 3045 1803 3093 in
1825 3045 1978 3112 Calig.
2005 3050 2100 3109 443
2121 3049 2248 3100 Plin.
2267 3052 2410 3111 XIV,
2433 3052 2659 3115 13Mart.

1625 3125 1730 3182 VI,
1759 3121 1843 3186 58,
1875 3140 1956 3184 10;
1985 3129 2116 3190 Dio,
2147 3131 2278 3191 LIV,
2311 3128 2400 3192 ²⁵3
2425 3135 2532 3194 LV,
2561 3133 2662 3194 ²33

1625 3204 1759 3269 Lips.
1781 3205 1844 3256 de
1864 3209 1973 3256 Mil.
1996 3210 2144 3258 Rom.
2164 3213 2216 3260 11
2231 3247 2247 3272 ,
2267 3213 2317 3260 8.

1700 3279 1724 3316 ⁵
1759 3265 1886 3335 Rein
1905 3289 2125 3353 probant
2137 3293 2378 3358 exemplis
2397 3291 2654 3358 Dionysii,

1624 3366 1781 3425 Bruti,
1825 3367 2070 3418 Carbonis
2085 3407 2101 3432 ,
2136 3373 2272 3438 apud
2311 3373 2565 3440 Aristoph.
2595 3374 2656 3426 in

1625 3448 1808 3508 Ranis,
1827 3449 1938 3500 Sen.
1957 3451 2110 3515 Epist.
2136 3455 2200 3502 82
2215 3488 2232 3513 ,
2257 3464 2307 3504 et
2332 3455 2495 3504 Valer.
2516 3455 2655 3506 Max.

1625 3527 1732 3588 11,
1760 3530 1847 3591 13,
1872 3546 1927 3588 a,
1955 3530 2084 3597 inpr.
2106 3534 2277 3594 Arati,
2295 3535 2474 3598 summi
2492 3535 2660 3596 ducis,

1626 3625 1772 3672 quem
1809 3611 1965 3660 tradit
2009 3613 2302 3664 Plutarchus
2348 3625 2554 3680 torpore
2598 3631 2658 3663 ac

1624 3689 1866 3756 vertigine
1882 3727 1897 3750 ‚
1933 3693 2129 3756 quoties
2161 3693 2264 3750 fere
2297 3695 2502 3760 coeperit
2537 3695 2656 3744 tuba

1625 3769 1762 3830 cani,
1789 3783 2071 3836 correptum
2105 3790 2209 3822 esse
2235 3774 2435 3838 acieque
2451 3777 2555 3837 jam
2580 3777 2659 3824 in-

1625 3860 1810 3900 structa
1823 3853 2003 3916 saepius
2020 3854 2169 3902 anxie
2186 3856 2469 3918 quaesivisse
2483 3857 2547 3904 ab
2573 3873 2659 3906 or-

1627 3929 1802 3978 dinum
1821 3931 2108 3980 ductoribus
2119 3969 2134 3994 ,
2153 3949 2271 3982 num
2279 3934 2552 3998 praesentia
2564 3952 2660 3984 sua

1625 4026 1744 4075 opus
1778 4010 1881 4058 sie?
1914 4011 2031 4060 inde
2057 4029 2176 4063 vero
2203 4015 2512 4064 occasionem
2539 4016 2657 4081 qui—

1625 4091 1839 4140 busdam
1877 4091 2071 4142 dedisse
2095 4095 2237 4144 faceti
2261 4096 2380 4144 dicti
2399 4113 2414 4144 ε
2455 4096 2660 4145 Pmton‘

1625 4170 1915 4222 Ackoeorum
1929 4173 2140 4224 instante
2142 4185 2321 4241 pugna
2335 4177 2500 4228 alvum
2517 4175 2657 4228 solvi.
