3050 4884
596 383 703 455 IN
749 385 1196 454 SATIRAM
1242 383 1722 451 DECIMAM
1769 385 2287 470 QUARTAM.
2390 389 2520 480 337

372 495 479 552 hus
496 517 509 552 :
528 503 721 555 sensim
745 502 809 554 iis
831 497 1127 570 sensimque
1150 497 1431 554 avaritiam
1455 497 1731 551 insinuant
1745 540 1761 566 ‚
1793 517 1826 552 a
1851 517 1960 571 qua
1983 501 2181 554 animi¹
2210 501 2524 556 abhorrent.

442 657 583 706 Van.
626 657 741 705 125.
778 653 1199 714 Insanabile,22.

443 756 617 805 Anu..
665 754 781 803 126.
818 749 900 802 Ab
926 749 1033 802 hoc
1066 765 1224 801 versu
1259 765 1432 819 usqne
1458 747 1532 800 ad
1569 754 1692 814 140,
1729 749 2037 803 referuntur
2068 751 2284 804 minima·
2315 729 2524 816 sordes..-

372 849 404 884 a
422 851 500 885 vs.
522 852 543 885 1
556 841 639 899 ἀι,
654 852 823 906 usque
841 831 911 885 ad
930 831 1118 897 finem,
1136 845 1374 885 recenset
1393 833 1672 887 infamiam
1691 845 1745 887 et
1767 834 2021 901 crimina,
2043 853 2275 906 qnorum
2292 835 2527 894 avaritia

370 931 583 988 semper
603 917 758 986 origo
781 927 942 986 atque
973 931 1163 966 caussa
1189 913 1323 980 fuit;
1349 915 1488 968 Ach.

443 1013 583 1064 Nom.
627 1015 745 1064 126.
784 1010 874 1064 sic
909 1007 1144 1081 φειδωνίῳ
1176 1012 1337 1082 μέτρῳ
1372 1012 1452 1065 τὸν
1484 1007 1717 1064 πὺνδωια
1752 1014 2140 1085 ἐγκαρουσμίνῳ
2169 1019 2355 1086 μετρεῖν
2384 1019 2527 1078 αὐτὸς

371 1097 467 1154 τοῖς
485 1092 619 1146 ἔνδον
635 1093 699 1146 τὰ
722 1089 973 1148 ἐπιτήδεια
987 1133 1001 1157 ,
1028 1089 1219 1165 σφόδρα.
1240 1093 1463 1162 ἀποψῶν,
1491 1094 1770 1166 Theophr.
1790 1094 1954 1148 Char.
1976 1097 2080 1162 XI,
2105 1109 2239 1150 extr.
2258 1098 2355 1150 ubi
2377 1101 2522 1152 conf.

370 1179 605 1233 Casaub.
643 1209 715 1220 --
753 1181 973 1247 castigat
1000 1193 1231 1242 vemt-es,
1258 1175 1455 1232 edendi
1483 1176 1838 1251 cupiditatem
1867 1179 2172 1252 famemque
2203 1195 2431 1237 coercet.
2451 1213 2525 1227 --

372 1265 542 1314 Modio
562 1265 751 1332 iniquo,
777 1262 979 1334 injusta
1002 1279 1067 1314 ac
1094 1261 1255 1315 nimis
1274 1281 1445 1334 parva
1464 1261 1706 1316 demensi
1727 1281 1993 1318 mensura.

442 1437 574 1484 Vn.
616 1452 731 1497 ¹²7·
769 1435 901 1494 Nec,
926 1437 1007 1496 15,
1040 1437 1121 1483 16.
1141 1461 1213 1474 --
1230 1435 1382 1484 Enim
1399 1433 1541 1484 abest
1559 1451 1586 1483 a
1611 1452 1691 1484 ια.
1709 1431 1867 1484 Vetus
1884 1433 2050 1485 Schol.
2071 1434 2179 1486 haec
2197 1439 2386 1486 notavit
2405 1438 2524 1487 z-id

338 1541 347 1550 ·
370 1530 470 1580 cst,
497 1521 665 1568 omnia
694 1521 916 1569 sustinet.
938 1521 1053 1568 Duo
1080 1519 1304 1584 negativa
1332 1517 1729 1568 confirmativum
1749 1519 1951 1567 faciunt.
1968 1541 1990 1563 ι
2027 1522 2162 1569 Hinc
2188 1536 2304 1569 cum
2322 1521 2495 1587 legisse
2509 1560 2525 1584 ,

372 1619 527 1667 neque
555 1602 682 1651 enim
708 1619 811 1652 non
845 1601 1051 1650 sustinet
1073 1617 1303 1668 umquam
1328 1601 1511 1652 Omnia
1539 1602 1756 1660 coemlei,
1788 1613 1880 1652 etc.
1912 1603 2256 1668 suspicabatur
2284 1605 2523 1654 Schurzfl.

372 1697 577 1752 putans,
613 1685 795 1734 mucidi
825 1687 975 1734 fnisse
1000 1686 1212 1750 glossam
1244 1687 1327 1733 τοῦ
1368 1685 1598 1744 caerulei,
1629 1695 1678 1732 et
1710 1684 1895 1733 deinde
1931 1695 2122 1733 textum
2152 1685 2424 1736 obsedisse.
2452 1715 2526 1728 --

368 1773 515 1820 Hane
538 1771 799 1819 lectionem
816 1770 1001 1835 probat
1026 1771 1155 1820 Ach.
1174 1785 1382 1834 eamque
1398 1770 1559 1832 reipsa
1589 1767 1830 1816 sermonis
1847 1767 2042 1832 legibus
2061 1769 2306 1833 aptiorem
2332 1769 2525 1837 vulgata

367 1854 582 1915 judicat3
609 1854 747 1918 quod
767 1869 941 1902 verum
962 1869 1069 1902 esse
1094 1869 1203 1901 non
1223 1861 1361 1918 putat
1376 1851 1595 1900 Cramer.
1619 1850 1713 1896 En.

440 1947 491 2001 N
495 1965 577 2001 οτ.
619 1965 735 2010 1²7·
772 1949 947 2014 Neque
973 1951 1205 2008 sustinet,
1245 1963 1313 1996 ne
1340 1962 1370 1996 a
1399 1963 1457 1996 se
1478 1941 1700 2013 quidem
1729 1941 2017 2014 animoque
2039 1961 2140 1995 suo
2168 1962 2334 1997 avaro
2355 1944 2526 2018 impe·

369 2043 513 2086 trare
532 2041 709 2102 potest
730 2047 985 2100 umquam
1002 2066 1018 2091 ‚
1048 2039 1114 2080 ut
1130 2028 1310 2078 omnia
1326 2065 1341 2091 ,
1373 2041 1492 2096 quoe
1510 2025 1569 2075 in
1593 2023 1760 2076 alium
1781 2023 1925 2077 diem
1945 2027 2180 2080 servavit
2196 2039 2252 2080 et
2267 2031 2524 2100 seposuit,

370 2115 554 2164 mucidi
563 2113 897 2181 panissrusta
917 2123 1187 2160 consumat.
1207 2103 1365 2160 Conf.
1385 2105 1454 2158 ad
1478 2106 1603 2169 XV,
1627 2105 1694 2158 88
1711 2145 1726 2170 ,
1753 2119 1806 2159 et
1815 2112 2006 2162 Horat.
2026 2115 2132 2163 Sat.
2156 2110 2239 2176 11,
2262 2129 2312 2175 a,
2329 2109 2396 2182 57
2415 2131 2526 2184 seq.

375 2228 445 2238 -—
467 2199 703 2258 Car-ulei,
728 2193 888 2265 nigri.
908 2223 979 2234 -—-
1006 2195 1210 2246 Muciae
1228 2229 1244 2256 ,
1271 2209 1385 2264 quae
1412 2189 1627 2242 diutino
1656 2189 1764 2243 situ
1785 2210 2062 2246 mucorem
2082 2208 2413 2251 contraxere.

440 2295 579 2346 Nor.
623 2308 738 2358 ¹²9·
774 2293 1059 2340 Hesternam
1085 2290 1321 2352 minutal,
1346 2299 1407 2340 ut
1432 2287 1583 2343 θοίνην
1615 2287 1757 2340 {elev
1783 2287 1932 2360 apud
1949 2287 2141 2346 Athen.
2159 2289 2274 2344 VII
2293 2334 2310 2360 ‚
2332 2314 2360 2345 2
2377 2335 2392 2360 ‚
2417 2297 2515 2350 ubi

372 2375 673 2447 Schweigh.
712 2375 829 2427 haec
858 2371 1143 2427 adnotavit
1175 2392 1189 2426 :
1216 2371 1377 2426 Cibos
1410 2371 1611 2438 ἑώλους,
1641 2370 1699 2424 id
1728 2385 1834 2434 est,
1865 2375 2113 2427 hesternos
2143 2376 2230 2430 vel
2261 2381 2520 2443 pridianos

371 2459 577 2514 dixisse·
590 2457 807 2512 Graecos
825 2475 926 2528 pro
943 2456 1158 2506 rancidis
1178 2467 1270 2508 aut
1274 2456 1465 2522 putidis
1478 2452 1832 2528 eamdemque
1847 2455 1974 2509 inde
1989 2458 2266 2512 notionem
2279 2461 2524 2532 ejusdem

370 2543 624 2598 vocabuli
646 2541 716 2594 ad
742 2542 876 2595 alias
892 2559 1109 2613 quoque
1130 2559 1215 2592 res
1242 2537 1460 2611 putidas
1479 2552 1575 2591 aut
1596 2551 1860 2592 vetustate
1875 2537 2146 2594 obsoletas
2165 2543 2326 2596 fuisse
2345 2557 2520 2599 trans·

368 2629 561 2693 latam,
584 2625 961 2698 pervulgatum
986 2635 1084 2676 est.
1110 2625 1328 2674 Minueae
1342 2621 1748 2675 condimentum
1768 2623 1855 2677 vel
1883 2621 2035 2677 cibus
2049 2665 2065 2691 ,
2087 2623 2274 2678 edulia
2294 2639 2349 2679 et
2362 2647 2523 2700 opso-

368 2711 467 2764 nia
483 2729 545 2764 ex
564 2708 728 2762 variis
746 2709 904 2762 rebus
924 2709 1203 2758 minutatim
1221 2718 1275 2758 et
1292 2705 1604 2758 tessellatim
1621 2706 1848 2760 concisis
1866 2705 2033 2778 (apud
2053 2707 2245 2762 Isidor.
2264 2729 2328 2763 ex
2341 2711 2488 2784 pisce
2501 2751 2520 2780 ,

294 2817 309 2834 ¹
373 2795 526 2860 oleo,
554 2791 671 2846 ficis
698 2804 752 2845 et
771 2792 1005 2844 oleribus
1026 2793 1077 2860 ),
1100 2787 1246 2842 unde
1273 2790 1474 2841 varium
1498 2786 1700 2841 dicitur
1725 2787 1967 2843 Martiali
1991 2791 2101 2856 xl,
2124 2793 2216 2856 32,
2249 2811 2272 2845 1
2287 2810 2330 2845 1.
2360 2795 2517 2849 Conf.

369 2877 521 2950 Apio.
548 2877 649 2940 IV,
672 2875 733 2937 3,
764 2874 1101 2946 quiminutal
1120 2872 1409 2938 marinum,
1421 2871 2520 2944 Tarentinum‚Apicianum,Matianum,

372 2961 560 3027 dulce,
584 2979 647 3013 ex
676 2959 905 3033 praecoci
920 2998 936 3024 ,
967 2959 1272 3032 leporinum
1292 2997 1307 3022 ‚
1332 2977 1397 3010 ex
1415 2957 1746 3030 jecinoribus
1767 2958 2221 3031 pulmonibusque
2243 2959 2444 3033 leporis
2463 2976 2522 3016 et

370 3063 436 3097 ex
454 3045 587 3097 rosis
607 3063 702 3096 seu
729 3054 970 3096 rosatum
995 3054 1257 3095 memorat
1272 3082 1287 3107 ,
1324 3053 1378 3095 et
1404 3041 1460 3094 in
1489 3040 1717 3113 singulis
1746 3043 2098 3096 minutalibus
2123 3063 2344 3116 porrum
2365 3049 2517 3120 capi-

372 3141 544 3182 tatum
569 3139 659 3182 aut
684 3145 909 3201 porrum
942 3127 1257 3199 simpliciter
1290 3124 1386 3196 (id
1405 3137 1487 3179 est
1508 3125 1795 3194 sectivum,
1830 3139 1891 3179 ut
1918 3127 1974 3179 h.
2009 3126 2112 3180 loc.
2143 3145 2220 3181 vs.
2253 3129 2382 3196 133,
2419 3131 2514 3205 fila

368 3214 534 3265 sectivi
546 3215 689 3279 porri
704 3226 757 3264 et
777 3209 925 3284 apud
947 3211 1094 3283 Apic.
1114 3208 1258 3263 VIII
1277 3247 1293 3274 ,
1320 3210 1373 3277 8,
1394 3213 1605 3279 capillus
1617 3213 1795 3282 porri)
1815 3210 2121 3265 minutatim
2139 3211 2255 3268 vult
2277 3215 2512 3270 concidi.

371 3299 544 3350 Solitas
564 3316 765 3348 servare
780 3334 795 3358 ,
822 3293 963 3349 conf.
986 3293 1225 3348 martial.
1248 3293 1308 3361 1,
1336 3301 1435 3358 104
1450 3335 1465 3363 ‚
1489 3315 1542 3366 7.

436 3395 576 3448 Nor.
620 3395 739 3447 130.
778 3393 1047 3459 Septembri
1060 3408 1239 3443 mense
1251 3429 1266 3453 ‚
1289 3389 1345 3442 in
1360 3407 1471 3462 quo
1491 3393 1674 3444 Romae
1691 3389 2134 3463 flagrantissimus
2153 3395 2515 3470 pestilensque

368 3491 525 3530 astus
547 3476 691 3529 mit
704 3513 721 3541 ,
746 3474 991 3545 adeoque
1006 3472 1232 3546 opsonia
1244 3471 1403 3526 citius
1419 3486 1856 3545 corrumpuntur.
1880 3475 2037 3530 Conf.
2059 3477 2247 3531 Horat.
2267 3479 2442 3552 Epist.
2464 3485 2514 3550 1,

373 3567 438 3618 16
454 3603 471 3629 ‚
510 3565 602 3628 16,
642 3571 695 3614 et
728 3576 894 3631 supra
930 3557 1001 3613 ad
1042 3560 1135 3624 IV,
1171 3558 1255 3627 59.

440 3871 459 3896 ¹
496 3862 703 3913 Canub.
735 3861 801 3909 ad
832 3857 1088 3923 Theophr.
1120 3855 1269 3904 Char.
1303 3856 1354 3902 X
1370 3889 1387 3916 ,
1476 3854 1663 3902 Graecis
1681 3853 2011 3917 exprimatur,
2039 3866 2089 3902 at
2109 3857 2198 3906 vix
2219 3859 2322 3908 ullo
2345 3877 2374 3909 a
2399 3865 2508 3913 Ro.

368 3960 443 4008 pr.
462 3941 689 3991 :achimas
704 3937 873 3988 sanies
888 3935 1093 4002 putabat
1108 3951 1214 3984 csse
1226 3949 1390 4002 μαρο-
1477 3933 1654 3982 manis.
1681 3933 1776 3982 Sed
1796 3933 1901 3982 hac
1921 3935 2062 3984 notio
2089 3952 2117 3985 a
2147 3949 2252 3988 toto
2275 3941 2374 3990 hoc
2395 3944 2510 3992 loco

366 4019 561 4092 λογίαν,
582 4035 733 4084 qnam
755 4016 948 4064 sordem
970 4013 1193 4083 insanam
1210 4013 1393 4061 dixerit
1478 4011 1636 4062 aliena
1665 4023 1768 4071 est,
1789 4013 1924 4076 quod
1955 4015 2086 4079 inpr.
2111 4033 2176 4065 ex
2199 4036 2269 4067 vs.
2301 4019 2398 4070 125
2423 4024 2506 4068 in·-

368 4101 625 4165 Apuleius,
640 4098 875 4162 qnodque
884 4094 1160 4158 parcissimi
1172 4092 1391 4141 hominis
1479 4092 1729 4156 telligitur.
1760 4115 1833 4128 --
1873 4093 2181 4144 praeterimus
2197 4099 2372 4162 igitur,
2395 4117 2504 4150 nou

368 4181 537 4228 vitium
576 4177 741 4227 multis
784 4174 989 4242 quidem
1032 4171 1321 4224 nominibus
1364 4187 1393 4220 a
1480 4171 1690 4236 amplius
1724 4171 1916 4222 morati.
1947 4175 2038 4222 En.

536 4257 629 4324 II.
2159 4276 2240 4318 τι
