3050 4884
684 460 691 469 ‚
740 382 852 451 IN
896 382 1365 451 sATmAM
1406 384 2150 459 nnonEmMAM.
2393 415 2516 461 221

375 510 501 546 oum
521 492 864 566 ingruerant,
884 497 1069 551 intime
1092 497 1348 561 affectus,
1373 516 1588 553 omnem
1612 502 1870 557 acerrime
1897 516 2204 559 exsecratur
2224 504 2526 577 navigatio-

372 594 524 643 nem,
551 590 831 650 tamquam
842 600 957 634 rem
979 601 1091 635 non
1115 582 1292 635 minus
1316 585 1654 638 temerariam
1673 605 1738 641 ae
1754 588 2144 659 periculosam,
2181 608 2346 663 quam
2367 591 2527 644 mise·

368 678 505 714 ram.
525 661 783 718 Similiter
800 664 959 717 multi
982 677 1155 738 poeto
1178 664 1549 736 navigantium
1573 668 1860 725 audaciam
1877 671 2212 744 'increpantst
2235 704 2307 715 -—
2325 679 2358 725 1
2375 693 2526 741 nune,

370 756 434 797 ut
453 745 511 797 in
535 746 699 800 simili
723 748 847 801 loeo
868 748 991 803 Seu.
1016 748 1163 803 Med.
1185 749 1320 817 650,
1338 762 1393 804 et
1410 769 1572 823 supra
1592 752 1704 817 vl,
1733 754 1863 819 306,
1882 754 1981 807 ubi
2001 753 2113 809 vid.
2137 768 2251 810 not.
2272 761 2527 825 -Nune‚

370 842 661 901 postquam
684 829 909 898 audisti,
930 834 1311 904 navigantibus
1339 846 1421 888 tot
1455 848 1710 909 tantaque
1733 838 2010 893 imminere
2031 840 2372 912 pericula.--
2393 849 2526 895 Ven-

372 915 434 964 eis
454 918 679 969 ananam
698 958 715 987 ,
741 918 939 985 vitam,
964 922 1221 982 committe,
1246 931 1308 971 ut
1334 919 1483 993 apud
1505 922 1702 977 Horat.
1729 920 1840 977 Od.
1871 924 1899 976 1
1915 960 1932 989 ,
1963 923 1996 977 3
2013 962 2030 991 ,
2068 941 2169 977 xo:

902 1046 1111 1061 .....
1144 1016 1237 1075 Qui
1258 1015 1469 1078 fragilem
1488 1022 1610 1067 truci

898 1092 1327 1154 Commisitpelago
1350 1102 1525 1150 ratem,

371 1186 427 1228 et
458 1176 640 1231 Senec.
672 1177 822 1235 Med.
857 1177 981 1243 304.
1004 1181 1239 1232 Animam
1274 1182 1457 1232 levibus
1491 1182 1699 1234 eredidit
1721 1184 1879 1235 auris.
1913 1211 1988 1224 -
2006 1184 2190 1235 Dolato
2213 1184 2380 1253 ligno,
2415 1182 2530 1239 vid.

370 1260 507 1315 Var.
546 1264 784 1317 Lectiou.
819 1294 893 1305 —-
930 1264 1191 1318 Dolatum
1224 1260 1433 1335 liguum
1475 1263 1588 1318 dici
1624 1265 1849 1338 conjicit
1884 1265 2132 1319 Luhinus
2166 1284 2232 1318 ex
2276 1284 2342 1319 eo
2382 1266 2530 1338 quod

370 1344 525 1399 navis
550 1344 696 1399 facta
728 1347 801 1400 sit
824 1365 890 1401 ex
925 1347 1123 1420 ligneis
1148 1344 1417 1402 asseribus
1455 1346 1688 1402 dolabra
1717 1348 1962 1421 levigatis
1993 1362 2046 1402 et
2077 1348 2386 1403 elaboratis.
2416 1350 2526 1402 Eo.

444 1489 581 1539 Vsu.
620 1492 707 1541 58.
744 1491 811 1539 Ee
828 1492 1014 1559 digitis,
1046 1510 1130 1545 ιιι.

440 1583 583 1637 Nor.
619 1585 715 1646 58,
756 1590 842 1653 59.
884 1587 1129 1641 Laertius
1156 1586 1251 1641 lib.
1284 1588 1341 1653 Ι,
1375 1585 1548 1640 tradit
1581 1584 2032 1652 mischar-sidem,
2068 1604 2236 1659 quum
2263 1585 2530 1655 audisset,

370 1668 601 1738 τέτταρας
654 1665 918 1729 δακτύλους
958 1665 1077 1723 εἶναι
1129 1670 1183 1723 τὸ
1232 1669 1392 1736 πάχος
1438 1675 1521 1729 τῆς
1570 1670 1729 1737 νεὼς,
1773 1667 2012 1731 dixisse,
2061 1676 2281 1726 τοσοῦτον
2326 1671 2530 1723 θανάτου

371 1768 477 1808 τους
502 1752 735 1811 πλέοντας
766 1752 983 1819 ἀπίχιιν.
1022 1752 1170 1805 Hine
1204 1764 1259 1805 et
1290 1752 1395 1805 Dio
1436 1754 1715 1826 Chrysost.
1752 1754 1905 1807 Orat.
1944 1754 2152 1818 LXIV,
2189 1752 2258 1807 de
2290 1754 2534 1807 Fortuna

370 1851 561 1887 navem
584 1834 823 1907 appellat
840 1832 1155 1905 τριδάκτυλον
1176 1834 1311 1895 ξύλον
1332 1836 1573 1887 πεύκινον.
1607 1840 1801 1887 Aratus
1825 1837 2011 1888 Phaen.
2039 1836 2162 1889 300.
2191 1837 2350 1910 ὀλίγον
2371 1833 2426 1889 δὲ
2446 1834 2532 1890 διὰ

374 1914 509 1977 ξύλον
536 1905 688 1968 itae‘·
668 1917 841 1987 ιρύκιι.
871 1915 1072 1969 Seneca
1100 1915 1684 1983 Controv.111·,pawa
1709 1916 2124 1987 (navigiorum)
2145 1921 2358 1969 materia
2371 1922 2533 1985 σφω-

369 2001 448 2067 git
460 2001 619 2068 fata,
648 2012 702 2052 et
727 1997 878 2052 Med.
902 2018 981 2053 vs.
1000 1998 1103 2051 306
1120 2017 1231 2071 seq.
1259 2000 1428 2049 Potuit
1448 2012 1579 2049 teum
1571 2000 1760 2070 'fidere
1786 2001 1938 2066 ligno,
1964 2004 2102 2050 Inter
2121 2002 2249 2051 vita·
2272 2004 2532 2070 monisqtte

372 2081 493 2131 vias
520 2083 737 2132 Nimium
756 2083 941 2149 gracili
965 2083 1117 2131 limite
1152 2084 1325 2143 ducto,
1357 2080 1517 2135 conf.
1546 2093 1600 2133 et
1623 2080 1720 2135 inf.
1751 2082 1907 2145 XIV,
1943 2082 2063 2135 288.
2100 2081 2264 2136 Ovid.
2285 2086 2407 2137 Am.
2438 2084 2528 2151 II,

383 2182 465 2229 11,
500 2166 562 2219 25
587 2183 698 2237 seq.
722 2176 776 2218 et
795 2163 1015 2217 Jacobs.
1036 2162 1107 2217 ad
1131 2163 1347 2217 Anthol.
1370 2162 1467 2217 Gr.
1492 2163 1601 2217 vol.
1629 2165 1716 2231 ΙΙ,
1741 2176 1883 2235 part.
1912 2166 1970 2217 11
1983 2183 2148 2237 ,-.pag
2183 2164 2270 2220 55.

444 2309 581 2357 Vn..
619 2310 703 2373 59.
739 2310 1062 2373 Λαεεσμεηι,
1094 2310 1123 2355 8
1130 2316 1366 2371 ,9-24,
1398 2323 1481 2369 27,
1500 2308 1729 2368 45-50,
1749 2309 1974 2369 54-61,
2003 2311 2089 2371 63,
2109 2310 2211 2369 64,
2227 2310 2313 2372 65,
2339 2328 2421 2373 70,
2443 2328 2528 2379 77,

378 2391 464 2451 81,
484 2391 569 2441 82.
597 2392 899 2456 Aeseptem,
926 2390 1015 2454 25,
1040 2392 1135 2449 62,
1162 2391 1402 2454 66-69,
1428 2392 1653 2452 71—76.
1679 2392 2096 2456 —Lamissima,
2125 2394 2173 2453 8,
2201 2408 2252 2457 9,
2278 2410 2365 2441 22.

444 2482 585 2535 Nor.
624 2481 708 2551 59.
748 2484 933 2544 Taeda,
960 2494 1021 2534 ut
1044 2480 1179 2533 alibi
1193 2484 1371 2548 pinus,
1394 2494 1625 2553 cognata
1646 2482 1832 2549 arbor,
1855 2502 1956 2555 pro
1977 2484 2130 2549 navi,
2155 2504 2186 2538 e
2205 2486 2335 2557 pinu
2359 2498 2530 2554 texta,

373 2564 431 2617 h.
464 2565 569 2619 loc.
601 2582 705 2637 pro
732 2563 921 2617 tabula
950 2562 1037 2620 vel
1066 2581 1238 2618 assere
1270 2564 1437 2618 navis.
1466 2564 1668 2638 (Conf-
1707 2564 1878 2618 Gron.
1907 2565 2070 2619 obss.
2094 2566 2209 2633 ΙΙΙ,
2235 2568 2296 2622 13
2313 2606 2330 2633 ,
2358 2572 2530 2641 extr.)

376 2650 665 2717 Latisshna,
692 2645 1037 2701 crassissima.

446 2795 584 2845 Vin.
623 2796 713 2845 61.
753 2792 931 2859 Aee-ipe
946 2828 961 2855 ,
986 2807 1072 2855 21,
1093 2793 1189 2853 64,
1204 2792 1383 2857 probb.
1410 2794 1532 2841 Brit.
1557 2792 1754 2841 Lubino
1777 2801 1827 2839 et
1851 2791 2059 2841 Far-nab.
2077 2792 2144 2841 At
2168 2793 2272 2844 vid.
2297 2796 2494 2848 Comm.

447 2884 587 2938 Νοτ.
624 2888 723 2950 60,
752 2888 837 2937 δι.
879 2890 1031 2949 Mox,
1068 2884 1163 2936 ubi
1194 2883 1412 2938 iri-navi
1438 2886 1540 2938 eris
1567 2896 1620 2937 et
1644 2883 1901 2936 lustrabis
1927 2876 2044 2949 res,
2077 2883 2216 2955 quas'
2239 2896 2416 2939 tecum
2443 2900 2530 2941 tu-

376 2966 487 3020 listi
527 2980 580 3021 et
617 2986 735 3039 qua
760 2968 863 3020 tibi
898 2966 1129 3019 maxime
1164 2968 1475 3019 necessaria
1502 2979 1627 3021 sunt
1660 2964 1731 3018 ad
1770 2966 1940 3019 vitam
1972 2978 2026 3018 et
2050 2966 2302 3031 salntem,
2341 2982 2533 3041 prater

378 3068 571 3124 panem
598 3065 651 3105 et
671 3053 887 3113 vinum,
912 3054 1141 3118 adspice,
1172 3051 1422 3124 respice(
1441 3063 1503 3104 ut
1526 3050 1674 3122 apud
1694 3047 1857 3104 ovid.
1881 3050 2025 3103 Fast.
2053 3051 2158 3119 VI,
2182 3070 2275 3121 ²9·
2307 3064 2361 3106 et
2378 3055 2530 3126 Vix-g.

380 3132 595 3187 AEneid.
620 3134 677 3186 11
693 3174 708 3198 ,
732 3138 837 3204 690
858 3138 908 3204 ),
937 3134 1101 3188 etiam
1119 3154 1329 3196 secures,
1357 3154 1477 3208 quo
1497 3138 1749 3186 sumendoe
1769 3146 1896 3187 sum
1915 3136 1938 3205 (
1957 3135 2077 3189 alii:
2103 3155 2170 3189 ne
2193 3138 2533 3192 obliviscaris

380 3230 554 3271 tecum
572 3238 759 3269 sumere
775 3220 1034 3287 secures),
1058 3218 1256 3291 quibus
1279 3236 1416 3291 opus
1433 3230 1514 3270 est
1535 3219 1585 3268 in
1609 3231 1890 3283 tempestate
1905 3257 1921 3282 ,
1945 3218 2017 3271 ad
2035 3220 2239 3272 malum
2253 3220 2532 3275 succiden-

380 3302 529 3357 dum.
554 3334 624 3345 --
664 3306 933 3356 Reticulum
960 3321 1090 3375 pera
1107 3340 1124 3368 ,
1160 3303 1232 3356 ad
1257 3301 1482 3357 modum
1507 3302 1635 3355 retis
1660 3314 1832 3364 texta,
1863 3316 1926 3356 ut
1950 3304 2098 3375 apud
2119 3306 2310 3359 Horat.
2334 3306 2444 3360 Sat.
2476 3308 2532 3373 I,

386 3405 434 3452 1,
480 3394 565 3459 47.
610 3396 795 3441 Ventre
834 3392 1057 3457 lagenae,
1092 3388 1285 3459 lagena
1310 3400 1589 3451 ventrosa,
1623 3386 1732 3440 hoc
1769 3400 1874 3467 est,
1914 3388 2126 3460 ampla,
2171 3388 2350 3442 itineri
2386 3402 2528 3462 apta.

382 3471 540 3525 Conf.
570 3474 673 3537 IV,
707 3490 827 3545 107,
854 3473 927 3525 al.

449 3617 587 3665 Vin.
628 3619 713 3667 62.
750 3618 895 3667 Mare
910 3618 1150 3683 planum,
1178 3633 1263 3669 22.
1296 3620 1468 3667 Latum
1490 3634 1658 3680 mare,
1695 3618 1776 3671 15.

452 3710 593 3763 Nor.
630 3712 859 3783 62-67.
884 3709 1095 3767 ‚Sedsta
1131 3724 1471 3785 tempestate,
1504 3716 1573 3785 67
1595 3732 1706 3785 seq.
1751 3717 1918 3765 Vestes
1944 3728 2046 3784 pro
2067 3709 2228 3773 velis,
2267 3730 2385 3785 qua
2407 3714 2530 3787 igne

1220 3870 1678 3891 mmmm

456 3996 476 4021 ¹
514 3991 654 4040 Cous.
694 3994 844 4057 Prop.
873 3992 962 4041 ub.
990 3994 1094 4051 111,
1126 4007 1233 4056 esp.
1264 4009 1313 4055 7,
1344 4008 1409 4056 ²9
1500 4006 1635 4040 man.
1659 3990 1721 4039 sd
1741 3990 1888 4040 Ovid.
1913 3990 2085 4041 Amor.
2106 3990 2194 4042 ln».
2219 3993 2322 4053 111,
2339 4008 2446 4057 esp.
2471 4009 2526 4053 α,

378 4086 487 4135 seq.
512 4070 607 4136 (al.
644 4072 697 4133 ⁵,
733 4081 795 4130 ιι
828 4071 981 4139 seq.);
1010 4074 1183 4121 Horat.
1214 4072 1315 4120 Od.
1357 4076 1409 4131 1,
1500 4070 1626 4119 etad
1647 4066 1840 4119 Phaedr.
1859 4070 1944 4120 lib.
1973 4074 2062 4138 IV,
2084 4088 2189 4137 cap.
2209 4072 2261 4134 6,
2280 4072 2338 4133 83
2355 4071 2522 4123 Barth.

382 4146 433 4213 3,
458 4160 631 4213 9-24
650 4188 665 4215 ,
700 4151 791 4200 ubi
820 4152 922 4203 vid.
952 4152 1173 4217 interpp.
1201 4160 1251 4201 et
1282 4148 1414 4201 Bur·
1500 4148 1564 4199 ad
1581 4150 1716 4199 Grac.
1734 4150 1948 4219 pag.45.
