3050 4884
856 374 1209 440 SATIRA
1253 374 1635 440 DECIMA
1678 375 2077 457 QUARTA.
2416 375 2542 458 319

397 485 625 558 Sensit
647 487 1049 575 Alexander,
1078 502 1241 558 testa
1274 513 1483 583 quum
1519 487 1694 558 vidit
1724 489 1793 556 in
1825 486 1936 561 illa

392 601 723 694 Magnum
750 599 1203 669 habitatorem
1222 651 1243 686 ‚
1280 614 1542 694 quanto
1569 597 1828 670 felicior
1855 599 2003 687 hic,
2037 600 2157 693 qui

390 707 506 779 Nil
548 723 863 805 cuperet,
898 732 1101 803 quam
1142 709 1263 804 qui
1302 723 1521 778 totum
1556 708 1685 778 sibi
1722 725 2036 802 posceret
2062 709 2332 797 orbem,

390 821 709 889 Passurus
739 818 943 917 gestis
971 820 1299 916 oequanda
1326 819 1629 916 pericula
1653 821 1873 892 rebuS.

488 927 773 1000 Nullum
799 953 1057 1002 numen
1084 930 1322 1016 habes,
1350 931 1407 998 si
1432 930 1519 1000 sit
1547 927 1908 1024 prudentia
1938 956 1955 1000 z
1993 954 2120 1000 nos
2142 945 2244 1016 te,
2443 946 2544 1000 315

392 1039 536 1108 Nos
570 1037 887 1124 facimus,
920 1042 1259 1126 Fortuna,
1287 1040 1504 1107 Deam
1531 1062 1548 1105 ε
1583 1062 1898 1108 mensura
1932 1053 2154 1108 tamen
2181 1065 2330 1134 quae

388 1147 699 1219 Sufficiat
721 1173 999 1238 census,
1038 1151 1093 1220 si
1126 1150 1277 1244 quis
1304 1173 1415 1220 me
1445 1146 1780 1235 consulat,
1817 1147 2016 1220 edam
2045 1175 2064 1218 ε

388 1259 473 1326 In
504 1272 837 1351 quantum
864 1259 1009 1328 sitis
1032 1273 1237 1352 atque
1264 1257 1473 1326 fames
1502 1272 1568 1325 et
1594 1255 1854 1353 frigora
1881 1273 2199 1353 poscunt,

386 1367 765 1456 Quantum,
790 1368 1089 1462 Epicure
1108 1419 1129 1452 ,
1157 1367 1285 1435 tibi
1316 1367 1544 1462 parvis
1571 1365 1848 1436 suffecit
1868 1367 1940 1435 in
1969 1367 2215 1455 horfia,

388 1476 739 1565 Quantum
766 1477 1096 1547 Socratici
1128 1492 1462 1572 ceperunt
1492 1491 1652 1545 ante
1684 1491 1984 1573 penates.
2440 1493 2544 1548 320

393 1588 783 1682 Numquam
810 1585 993 1656 aliud
1019 1589 1317 1676 Natura,
1348 1585 1528 1656 aliud
1554 1587 1894 1681 Sapientia
1920 1586 2106 1656 dicit.

390 1695 679 1765 Acribus
714 1694 1038 1790 exemplis
1074 1695 1310 1764 videor
1342 1710 1410 1765 te
1444 1695 1791 1766 claudere:
1821 1697 2028 1766 misce

390 1810 572 1901 Ergo
608 1805 859 1900 aliquid
892 1807 1142 1876 nostris
1175 1806 1259 1877 de
1286 1807 1628 1894 moribus3
1665 1805 1860 1876 effice
1887 1830 2254 1895 summam,

391 1917 500 1985 Bis
536 1930 795 2011 septem
827 1914 1179 1985 ordinibus
1214 1941 1417 2011 quam
1453 1915 1556 1986 lex
1586 1915 1909 2012 dignatur
1934 1917 2246 1987 Othonis.
2451 1987 2457 1996 ,

392 2028 554 2096 Haec
578 2051 849 2121 quoque
881 2025 935 2094 si
968 2051 1209 2120 rugam
1236 2027 1446 2096 trahit
1472 2024 1912 2119 extenditque
1939 2023 2292 2116 labellum3
2443 2044 2544 2098 325

393 2139 596 2207 Sume
628 2136 799 2206 duos
829 2135 1139 2228 Equite5‚
1178 2135 1284 2204 fac
1315 2137 1517 2208 tertia
1547 2135 2055 2231 quadringenta.

394 2371 619 2431 easdem
639 2373 911 2430 resarciet
924 2413 941 2443 ,
963 2371 1225 2447 partibus
1240 2373 1483 2449 plumbo
1506 2391 1742 2430 rursum
1765 2373 2090 2448 conjunctis
2113 2385 2174 2431 et
2196 2379 2545 2454 compositis.

392 2466 515 2523 Ubi
543 2466 871 2523 Alexander
892 2466 1049 2522 hunc
1067 2464 1483 2540 philosophum
1508 2475 1763 2542 angiutae
1789 2475 1944 2522 testae
1976 2465 2272 2545 ingentem
2298 2470 2548 2529 incolam

392 2559 680 2634 adspexit,
711 2569 853 2616 tunc
882 2558 1151 2634 profecto
1187 2557 1508 2629 intellexit,
1544 2568 1766 2633 quanto
1804 2557 2089 2634 insignior
2125 2573 2270 2618 esset
2297 2563 2551 2621 hominis

394 2649 541 2706 nihil
570 2649 943 2707 desiderantis
965 2647 1236 2719 felicitas,
1268 2668 1440 2724 quam
1476 2647 1598 2723 ejus
1614 2691 1632 2721 ,
1661 2649 1767 2726 qui
1793 2649 1972 2706 totius
2001 2650 2160 2708 orbis
2187 2652 2548 2712 dominatum

392 2741 668 2814 ambiret,
700 2761 765 2798 ac
795 2741 967 2798 simul
993 2760 1127 2800 cum
1154 2759 1356 2800 rerum
1390 2751 1684 2818 gestarum
1714 2742 1905 2819 gloria
1946 2743 2342 2818 periculorum
2385 2767 2554 2806 acer·

392 2835 633 2893 bitatem
680 2835 1027 2910 adaequaret.

474 2927 609 2987 315.
650 2928 882 2984 Nullam
910 2927 1032 2984 vim
1056 2925 1272 2996 habes,
1306 2926 1604 2997 Fortuna,
1641 2926 1692 2983 si
1735 2925 1886 2982 adsit
1921 2926 2276 3003 prudentia;
2314 2949 2423 2990 nos
2463 2945 2550 2991 et-

394 3021 551 3079 enim
582 3021 695 3078 soli
730 3040 954 3092 sumus,
988 3019 1094 3096 qui
1125 3030 1184 3076 te
1214 3018 1279 3075 in
1312 3017 1564 3075 deorum
1604 3037 1851 3077 numero
1880 3019 2246 3080 collocemus.
2289 3025 2468 3095 Quod
2501 3027 2551 3084 si

392 3113 523 3190 quis
552 3123 746 3171 tamen
772 3112 1038 3189 exquirat
1068 3131 1099 3166 a
1132 3130 1226 3168 me
1244 3151 1263 3184 ,
1300 3129 1429 3186 quae
1461 3107 1709 3168 sufficiat
1734 3129 2004 3170 mensura
2033 3113 2278 3190 opibus,
2317 3117 2505 3178 dicam
2529 3143 2548 3178 ε

392 3225 460 3263 ea
506 3225 634 3283 quae
683 3205 758 3263 ad
810 3202 1271 3282 propulsandam
1310 3203 1524 3260 famem
1549 3244 1567 3274 ,
1612 3201 1802 3274 sitim,
1852 3204 2036 3282 frigus
2075 3211 2390 3268 necessaria
2434 3222 2552 3288 θεὶς

390 3319 519 3376 quae
556 3297 691 3356 satis
726 3297 1015 3374 Epicure,
1040 3295 1137 3353 cui
1159 3296 1382 3353 victum
1412 3295 1624 3352 hortus
1654 3295 1976 3371 proebehat‚
2009 3298 2146 3373 fuit3
2179 3320 2352 3377 quam
2383 3315 2548 3362 antea

388 3393 656 3450 Socrates
693 3389 1049 3464 possidebat.
1096 3387 1317 3445 Eadem
1350 3406 1582 3464 semper
1614 3389 1908 3465 sapientiae
1936 3410 2055 3448 vox
2087 3403 2144 3450 et
2178 3405 2396 3452 naturae
2427 3408 2546 3470 est,

388 3482 594 3542 eadem
642 3484 755 3540 lex.
794 3481 1060 3540 Videbor
1106 3480 1219 3537 tihi
1268 3481 1513 3539 sortasse
1556 3481 1756 3558 paullo
1797 3483 2088 3556 severior,
2139 3485 2242 3560 qui
2284 3487 2549 3563 philoso-

385 3578 644 3654 phorum
681 3575 929 3632 istorum
960 3573 1118 3632 inter
1142 3573 1407 3650 exempla
1432 3573 1586 3630 aeria
1619 3585 1676 3630 te
1709 3573 2010 3633 includere
2044 3576 2218 3633 velim
2245 3598 2260 3634 ε
2293 3589 2550 3656 tempera

388 3667 570 3746 igitur
597 3669 747 3726 hauc
774 3667 1138 3726 severitatem
1155 3708 1174 3739 ,
1214 3677 1273 3724 et
1304 3665 1395 3722 illi
1434 3665 1509 3724 de
1538 3667 1944 3725 Romanorum
1976 3669 2274 3744 opulentia
2311 3672 2547 3751 elegan-

390 3765 586 3840 tiaque
613 3761 885 3820 nonnihil
916 3761 1167 3820 admisce
1196 3783 1211 3819 ε
1245 3781 1515 3838 compara
1530 3803 1549 3834 ,
1594 3780 1702 3838 per
1731 3781 1826 3819 me
1861 3762 2033 3834 licet,
2071 3781 2352 3822 summam
2389 3767 2548 3827 illam

390 3855 650 3932 pecuniae
692 3875 864 3932 quam
898 3855 1061 3914 Otho
1096 3855 1224 3932 lege
1258 3855 1375 3910 lata
1408 3854 1524 3911 illis
1559 3873 1680 3910 esse
1710 3852 1932 3925 voluit,
1968 3855 2070 3929 qui
2103 3857 2372 3915 sederent
2397 3879 2549 3935 qua..

392 3947 719 4004 tuordeeim
756 3947 1061 4005 ordinibus
1100 3947 1329 4004 theatro
1356 3947 1658 4022 proximis.
1705 3945 1769 4004 si
1796 3946 1920 4003 haec
1947 3945 2058 4004 tibi
2084 3947 2158 4008 de
2184 3970 2404 4009 summa
2424 3973 2548 4012 non

392 4037 600 4097 sufficit
616 4081 635 4111 ,
657 4039 706 4096 si
734 4056 859 4095 eam
885 4048 954 4096 ut
970 4038 1143 4096 nimis
1161 4049 1463 4117 ang-ustam
1488 4038 1662 4094 vultu
1685 4037 1836 4094 male
1865 4048 2142 4099 contento
2171 4043 2419 4118 respuis,
2448 4045 2550 4102 ha·-

396 4131 537 4192 beto
566 4151 701 4190 sane
725 4151 961 4190 censum
982 4133 1237 4191 duorum
1256 4132 1548 4210 equitum,
1570 4131 1750 4189 immo
1772 4129 1970 4188 trium.
1997 4133 2179 4204 Quod
2214 4135 2546 4194 sinendum
