3050 4884
931 359 1039 424 IN
1083 358 1552 427 SA'rmAM
1596 342 1991 429 NONAM.
2370 448 2373 451 ⁴
2460 367 2545 445 43

385 494 420 528 ι
449 493 537 529 me
561 472 670 545 ipsi
699 472 972 547 imposito.
993 506 1061 515 —
1081 478 1150 525 Ee
1174 476 1329 536 alter,
1367 474 1459 548 qui
1486 474 1667 525 multas
1681 475 1851 542 facies
1883 478 1981 527 cito
2005 479 2211 547 fingam
2246 492 2379 533 nota
2416 480 2551 533 Ach.

383 572 465 614 est
482 578 499 613 ς
521 584 548 605 α
569 560 676 613 Hie
697 559 876 631 pictor
903 558 1234 631 designatur,
1261 555 1356 629 qni
1389 556 1651 627 imagines
1670 576 1738 611 ex
1761 559 1957 629 argilla
1991 561 2079 615 vel
2106 580 2232 617 cera
2254 564 2436 631 fictas,
2461 565 2551 617 vel

383 642 548 696 etism
565 642 779 696 tabulas
797 642 1074 715 pingebat.
1101 644 1198 695 Hae
1216 640 1504 713 imagines,
1522 643 1821 713 praesertim
1839 644 1997 709 lares,
2017 646 2201 701 colore
2220 648 2337 713 vili,
2354 646 2553 713 rubro,

379 725 526 780 flavo
545 737 640 779 aut
659 724 816 797 nigro
835 726 1030 781 leviter
1049 724 1277 797 ideoque
1298 728 1396 775 cieo
1419 724 1573 796 pingi
1591 727 1857 781 solebant.
1879 728 1961 781 Ad
1980 730 2091 783 -hoc
2112 750 2251 803 opus
2268 732 2551 787 habebant

381 828 564 863 servos
605 809 840 881 pictores
881 808 1075 876 rudes,
1109 808 1298 881 quales
1332 808 1506 861 nostri
1546 824 1745 864 vocant
1776 808 2135 868 'barbouilleurs
2166 819 2503 887 d’ensee'gnes.
2525 842 2549 863 ι·

385 894 560 944 Facies
589 892 836 947 virorum
862 894 1158 948 illustrium
1178 892 1266 947 vel
1288 894 1561 965 majorum
1593 912 1853 947 meorum.

457 1062 598 1109 Van.
638 1063 756 1118 146.
793 1062 956 1112 Multa
979 1098 996 1126 ,
1033 1062 1063 1109 8
1085 1098 1100 1123 ,
1137 1061 1270 1111 unde
1300 1060 1496 1109 maltha
1520 1058 1695 1127 facies
1720 1062 1890 1127 pingit
1928 1066 2061 1125 coni.
2099 1065 2233 1115 Pith.
2274 1075 2327 1113 et
2360 1066 2548 1116 rectius

389 1143 924 1213 malehasaciesfingr'e
945 1146 1146 1195 Salmas.
1174 1148 1347 1198 Exere.
1371 1147 1496 1194 Plin.
1517 1163 1571 1211 p.
1602 1162 1719 1211 ¹09·
1740 1148 1881 1197 Conf.
1907 1148 1969 1197 de
1994 1149 2187 1197 maltha
2208 1151 2455 1211 Harduin.
2480 1152 2547 1199 ad

389 1227 516 1276 Plin.
538 1231 616 1289 11,
645 1238 740 1286 ιο4
757 1245 848 1279 sen
873 1232 988 1280 108.
1010 1229 1218 1295 Pingat,
1243 1246 1324 1289 10,
1349 1246 1429 1290 11,
1461 1246 1553 1289 12,
1580 1239 1802 1293 14-27,
1828 1232 2067 1293 aas-50,
2087 1233 2185 1292 54,
2206 1233 2293 1295 55,
2308 1235 2553 1297 57-69,

398 1327 482 1372 71,
511 1328 575 1372 72
593 1347 608 1372 ,
633 1313 718 1371 73,
750 1315 842 1374 76,
865 1330 949 1376 77,
975 1324 1025 1362 et
1048 1330 1220 1363 omnes
1242 1313 1404 1363 Codd.
1429 1313 1583 1362 Paris.
1614 1328 1643 1360 e
1666 1314 1849 1377 quibus
1871 1314 1997 1362 illud
2024 1331 2159 1363 nunc
2180 1316 2415 1365 revocavi
2434 1332 2549 1363 cnm

389 1395 516 1446 Aah.
536 1396 736 1461 Pingit,
763 1399 793 1446 8
807 1434 822 1459 ,
850 1399 934 1460 75.
961 1398 1154 1463 Fingit,
1182 1399 1249 1447 56
1270 1436 1285 1460 ,
1306 1415 1372 1459 7ο
1390 1433 1405 1458 ,
1432 1400 1526 1459 82,
1554 1397 1693 1461 qnod
1714 1399 1875 1463 aptius
1893 1398 2053 1447 videri
2082 1408 2247 1463 potest
2264 1434 2280 1460 ‚
2299 1410 2356 1447 ut
2373 1398 2553 1463 plastes

395 1478 706 1544 designetur,
743 1482 830 1545 qui
855 1498 921 1530 ex
946 1499 1051 1532 uno
1077 1481 1282 1532 modulo
1296 1518 1311 1542 ,
1341 1481 1420 1530 vel
1443 1481 1713 1547 archetypo
1738 1482 1921 1529 multas
1936 1480 2129 1549 facies,
2161 1499 2254 1531 seu
2284 1492 2431 1546 typos
2456 1480 2553 1529 cito

393 1560 550 1626 (quod
566 1565 748 1631 pictori
777 1566 944 1615 minus
966 1566 1236 1634 congruit)
1262 1566 1539 1631 exprimere
1562 1575 1611 1612 et
1643 1574 1807 1631 potest
1830 1575 1878 1613 et
1899 1565 2039 1614 solet.
2064 1564 2207 1615 Cous.
2228 1564 2429 1615 Salmas.
2454 1564 2554 1612 loc.

389 1644 524 1693 land.
549 1648 682 1695 Hine
703 1647 824 1695 olim
845 1648 1368 1718 reposueramfingut‚
1396 1648 1533 1713 qnod
1560 1648 1675 1697 usui
1706 1648 1892 1713 linguas.
1909 1650 2293 1698 convenientius
2327 1659 2417 1697 est.
2454 1648 2553 1695 Sed

391 1730 493 1778 vid.
523 1731 718 1781 Comm.
753 1760 824 1769 —
855 1733 1135 1801 Sufficient,
1173 1736 1258 1794 25,
1290 1752 1375 1797 27,
1407 1734 1642 1793 46-50,
1666 1734 1764 1791 54,
1801 1732 1897 1791 55,
1926 1733 2163 1793 67-63,
2190 1733 2431 1793 65-69,
2469 1746 2554 1791 71,

396 1828 480 1873 72.
504 1812 798 1881 Saefffict‘am,
824 1818 905 1879 73,
925 1834 1006 1878 77.
1029 1819 1206 1866 Parum
1228 1817 1446 1865 interest.
1469 1815 1716 1865 Nonnulli
1735 1816 2125 1880 interpungnnt:
2148 1814 2413 1884 &fficiam
2431 1812 2552 1862 hoec.

397 1897 609 1959 Quando
633 1914 724 1963 ego
741 1914 940 1963 pauper
964 1905 1089 1948 em?
1123 1900 1223 1949 hoc
1245 1910 1319 1948 est
1340 1900 1428 1967 (ut
1453 1899 1659 1964 exponit
1679 1899 1743 1947 H.
1764 1897 2059 1963 Valesius),
2087 1898 2288 1963 quando
2319 1891 2387 1945 ad
2420 1896 2554 1944 hane

391 1990 752 2043 paupertatem,
775 1997 864 2029 sen
885 1982 948 2029 ad
968 1981 1073 2031 haec
1089 1999 1241 2047 parva
1259 1992 1310 2029 et
1329 1998 1484 2048 pauca
1503 1980 1816 2046 perveniam,
1835 1996 1900 2028 ne
1918 1996 2130 2046 semper,
2151 1990 2207 2029 ut
2226 1996 2384 2038 nuno,
2403 1979 2552 2044 inops

394 2070 443 2108 et
459 2078 608 2127 egens
625 2065 715 2111 sim
735 2060 760 2113 ἓ

464 2157 604 2211 Nor.
648 2163 748 2221 146
775 2178 886 2231 seq.
923 2162 1188 2233 See-fficium
1211 2162 1338 2225 bac,
1361 2172 1463 2214 etc.
1500 2159 1662 2214 Conf.
1687 2176 1851 2230 snpra
1873 2157 1944 2211 ad
1976 2178 2057 2213 vs.
2089 2166 2189 2223 ι4ο
2222 2178 2334 2231 seq.

463 2254 606 2309 Nor.
651 2261 768 2325 147.
811 2260 1028 2323 Quando
1045 2296 1060 2319 ,
1095 2255 1539 2328 quandoquidem
1556 2296 1570 2319 ,
1608 2252 1894 2327 quoniam,
1933 2275 2025 2324 ego
2050 2276 2249 2325 pauper
2282 2274 2394 2318 em,
2431 2272 2552 2325 quae

395 2332 533 2389 dura
557 2338 654 2389 sati
675 2340 960 2392 necessitas
987 2351 1083 2391 est.
1114 2340 1299 2404 Quum
1321 2356 1532 2411 pauper
1548 2358 1642 2393 ero
1660 2350 1715 2391 et
1733 2337 1914 2409 potiar
1934 2357 2101 2411 supra
2122 2338 2313 2406 dictis;
2338 2340 2409 2391 H.
2434 2338 2551 2391 Va-

394 2418 490 2472 les.
530 2421 710 2485 Quam
738 2420 836 2475 diu
865 2441 1074 2495 pauper
1099 2442 1216 2485 ero;
1245 2422 1376 2474 Ach.

465 2516 604 2569 Nor.
648 2518 747 2581 148
776 2537 886 2591 seq.
926 2520 1122 2590 Lepide
1152 2518 1314 2583 dicit,
1346 2518 1643 2570 Fortunam
1666 2518 1771 2571 sibi
1796 2537 1953 2572 aures
1982 2536 2105 2572 cera
2131 2518 2385 2572 obturare
2406 2519 2551 2591 (quo

395 2616 554 2653 sensu
581 2600 747 2654 Ovid.
783 2620 848 2655 ex
883 2601 942 2655 P.
974 2602 1056 2665 11,
1091 2603 1156 2665 8,
1183 2602 1274 2666 283
1315 2604 1478 2675 Prop.
1505 2601 1593 2665 11,
1623 2606 1686 2654 16
1708 2641 1723 2665 ,
1754 2603 1847 2667 48,
1882 2615 1937 2654 et
1968 2601 2063 2653 alii
2095 2599 2162 2655 de
2190 2600 2325 2665 diis,
2364 2619 2551 2673 preces

398 2701 464 2737 ac
478 2696 607 2736 vota
629 2703 742 2737 non
763 2684 1173 2739 exaudientibus
1187 2724 1203 2750 ,
1225 2702 1317 2738 eos
1339 2688 1390 2737 ἰιι
1409 2699 1535 2736 vota
1562 2689 1735 2736 surdos
1755 2705 1859 2735 esse
1878 2685 1965 2737 vel
1986 2688 2135 2735 surda
2158 2704 2281 2735 aure
2302 2687 2553 2751 negligere

387 2772 627 2837 preces),
649 2768 916 2839 simulque
935 2768 1077 2821 ridet
1105 2768 1347 2821 fabulam
1368 2767 1436 2822 de
1455 2769 1677 2841 Ulysse,
1703 2767 1823 2839 qui,
1852 2786 1919 2820 ne
1939 2780 2089 2818 cantu
2111 2768 2289 2825 Siculo,
2315 2766 2423 2817 hoc
2444 2779 2550 2831 est,

395 2851 644 2904 Sirenum
668 2851 940 2921 (quarum
960 2849 1110 2903 sedes
1147 2862 1263 2903 erat
1290 2868 1459 2921 prope
1485 2850 1865 2903 Surrentinum
1896 2850 1982 2901 vel
2004 2849 2253 2901 Pelorum
2276 2862 2549 2919 promont.

397 2934 638 3003 Siciliae)
663 2934 990 2999 alliceretur,
1023 2934 1202 2987 Circes
1230 2934 1460 2986 consilio
1494 2932 1821 3002 remiges'seu
1850 2934 2027 2987 socios
2054 2936 2231 2983 surdos
2262 2928 2416 2997 fecit,
2452 2950 2549 2985 au-

395 3018 552 3071 ribus
581 3036 704 3071 cera
736 3018 994 3079 occlusis,
1027 3028 1082 3070 et
1115 3036 1170 3069 se
1197 3017 1373 3089 ipsum
1415 3015 1485 3068 ad
1522 3018 1727 3069 malum
1765 3018 1919 3071 navis
1955 3017 2171 3088 alligari
2201 3017 2390 3088 jussitz
2425 3016 2551 3071 vide

405 3104 565 3156 Hom.
603 3101 791 3176 Odyss.
816 3124 884 3173 μ,
918 3100 986 3170 39
1020 3121 1132 3172 seq.
1174 3104 1479 3163 166-200,
1504 3113 1559 3153 et
1590 3102 1792 3173 Hygin.
1826 3102 1937 3156 fab.
1976 3101 2092 3156 125.
2124 3104 2205 3155 De
2237 3120 2366 3155 vero
2393 3120 2551 3154 sens-u

401 3188 576 3261 mythi
595 3187 664 3241 de
684 3191 940 3251 Sirmibm,
962 3188 1138 3241 tribus
1155 3186 1350 3259 petris,
1373 3184 1500 3239 vide
1526 3186 1819 3239 Hermann.
1842 3187 2077 3261 Mythol.
2099 3198 2229 3239 tom.
2253 3186 2282 3237 I
2295 3225 2310 3248 ,
2331 3205 2387 3257 p.
2411 3185 2551 3257 3763

404 3270 592 3343 Heyne
625 3270 697 3324 ad
732 3272 884 3342 Virg.
923 3274 1045 3325 AEn.
1080 3272 1152 3335 V,
1188 3271 1295 3332 864
1325 3288 1436 3340 seq.
1465 3282 1518 3322 et
1553 3268 1624 3322 ad
1656 3270 1908 3343 Apollod.
1942 3271 2002 3333 Ι,
2038 3268 2095 3333 3,
2118 3277 2155 3333 4
2188 3282 2243 3322 et
2268 3270 2320 3332 1,
2362 3288 2421 3337 9,
2450 3268 2513 3322 25
2531 3290 2553 3336 ;.

400 3359 605 3424 nosque
619 3352 690 3406 ad
707 3354 804 3407 Sil.
825 3354 963 3416 XII,
982 3353 1050 3408 33
1071 3372 1181 3425 seq.
1194 3350 1360 3405 -Ad
1374 3353 1492 3406 haec
1505 3353 1697 3407 ultima
1716 3356 1881 3409 verba
1899 3353 2045 3407 conf.
2066 3352 2287 3407 Lucian.
2309 3345 2555 3409 semen.

403 3454 522 3508 cap.
553 3456 636 3491 21.
673 3438 782 3490 En.

471 3604 2133 3674 Vn.149.Affige't,10,11,12‚14—27‚45—50,54—63,
2161 3606 2371 3669 65--69
2412 3620 2550 3666 71—-

404 3700 497 3753 74,
515 3708 598 3753 77,
617 3701 664 3739 et
685 3690 888 3755 plurimi
907 3690 1069 3740 Codd.
1095 3690 1247 3739 Paris.
1275 3706 1302 3737 e
1324 3690 1505 3753 quibus
1523 3705 1661 3738 nunc
1679 3688 1804 3737 illud
1828 3687 2020 3736 restitui
2042 3704 2155 3736 eum
2179 3688 2306 3736 Aah.
2330 3686 2553 3757 ‘iffi-tit,

408 3790 430 3821 1
439 3774 564 3835 ,6,4
591 3790 690 3835 7ο,
715 3776 797 3834 75,
823 3774 905 3835 76,
925 3774 1008 3831 81,
1033 3772 1118 3833 82,
1139 3773 1279 3831 Illas,
1302 3774 1386 3829 45.

473 3866 613 3919 Nor.
657 3864 773 3919 150.
804 3868 990 3917 Siculos
1014 3878 1217 3919 cantus.
1238 3866 1452 3920 Sirenas
1472 3865 1696 3919 Acheloi
1720 3864 1899 3930 fluvii,
1932 3877 1985 3918 et
2008 3864 2279 3936 Calliopes
2302 3864 2555 3937 nymphe

401 3948 543 4001 silias
569 3961 674 4001 tres
690 3985 706 4012 ,
731 3967 865 4020 quas
895 3948 1213 4002 fabulantur
1240 3949 1513 4020 superiore
1539 3948 1783 4021 corporis
1810 3960 1963 4021 parte
1990 3948 2289 4019 virgineam
2323 3947 2553 4000 formam

401 4032 654 4085 hahuisse
675 4070 690 4098 ,
713 4032 966 4085 inferiore
988 4031 1264 4104 inpiscem
1288 4031 1594 4085 desinentes
1616 4052 1681 4085 ac
1704 4046 2061 4097 monstrosas;
2091 4045 2342 4084 ceterum
2362 4029 2550 4084 dulce-

402 4117 526 4172 dine
547 4130 737 4174 cantus
765 4118 948 4172 solitas
973 4118 1190 4172 allicere
1213 4128 1548 4171 transeuntes
1563 4154 1578 4180 ,
1608 4135 1745 4189 quos
1771 4116 2059 4189 perderent
2084 4128 2175 4169 aut
2207 4112 2547 4169 devorarent.
