3050 4884
562 336 647 400 38
880 333 1227 400 VARIAE
1274 333 1864 401 LECTIONES
1907 335 2037 398 ET
2083 333 2394 401 NOTAE

556 447 708 519 quod
732 467 845 502 non
870 448 944 502 ad
968 468 1053 502 me
1078 461 1321 514 tantum,
1350 445 1444 500 sed
1472 445 1546 498 ad
1571 445 1864 498 Virronem
1885 463 2128 518 quoque,
2154 446 2240 502 vel
2258 447 2310 501 ei
2331 445 2560 514 similes,
2579 447 2714 520 quin

561 532 634 585 ad
656 551 842 586 omnes
868 533 1103 605 pertinet
1124 531 1389 585 homines.

622 631 757 682 Nor.
800 629 917 682 125.
956 636 1072 680 Post
1089 632 1327 680 damnum
1356 627 1585 693 temporis
1601 664 1617 690 ‚
1643 626 1842 698 majori
1869 627 1995 680 vitae
2015 640 2169 699 parte
2201 639 2480 683 transacta
2501 641 2557 683 et
2581 649 2713 682 con·

554 723 773 783 sumpto
786 713 957 764 aetatis
976 711 1193 764 robore.
1212 716 1455 776 Deceptus
1476 728 1587 777 spes
1609 708 1964 763 emolumenti
1977 748 1994 774 ,
2016 728 2046 762 e
2068 709 2354 764 laboribus
2379 710 2718 784 officiisque,

556 793 783 848 Virroni
804 795 1079 867 prestitis,
1106 793 1179 848 ad
1199 812 1285 846 me
1304 791 1684 846 redundaturi.

626 888 769 942 Nor.
816 892 1111 959 καθ-139.
1130 891 1368 942 Iuvenes
1389 900 1706 961 comparent
1731 888 1872 960 inpr.
1897 889 2089 943 Horat.
2109 889 2218 943 Od.
2239 891 2296 954 1,
2319 897 2379 956 4,
2401 909 2462 942 at
2481 909 2590 964 seq.
2617 909 2640 944 ι
2655 909 2676 945 ι
2700 931 2716 955 ,

557 976 591 1024 6
622 990 737 1046 seq.
772 974 863 1038 ΙΙ,
900 991 982 1038 ιι,
1011 978 1041 1024 5
1076 991 1187 1046 seq.
1228 978 1328 1037 14,
1368 989 1391 1026 1
1426 991 1538 1044 seq.
1567 985 1624 1026 et
1659 973 1762 1036 IV,
1794 967 1847 1044 ᾖ,
1894 978 1960 1036 14
1989 991 2104 1046 seq.
2151 973 2274 1026 Alia
2308 971 2432 1027 loca
2470 972 2722 1028 laudavit

556 1058 787 1130 Koenig.
815 1056 887 1110 ad
906 1059 1054 1111 Pers.
1082 1058 1155 1124 V,
1182 1055 1298 1111 153.
1324 1056 1408 1110 Ad
1424 1076 1542 1111 rem
1560 1056 1866 1129 augendam
1884 1069 2134 1129 spectant
2151 1056 2390 1129 epitheta
2409 1061 2593 1122 velox,
2617 1077 2720 1109 an·

554 1155 718 1208 gustae
738 1141 985 1212 (brevis)
1006 1153 1063 1194 et
1086 1144 1369 1194 brevissima
1382 1162 1407 1202 ,-
1443 1140 1543 1194 sed
1567 1141 1736 1195 nimia
1761 1160 1980 1215 quoqne
2005 1161 2070 1195 ex
2097 1141 2359 1194 orationis
2389 1143 2640 1206 ubertas,
2663 1155 2724 1195 et

556 1223 821 1296 suspicari
844 1223 955 1277 fere
975 1223 1152 1296 possis
1168 1262 1185 1288 ,
1218 1223 1387 1277 verba
1408 1229 1569 1276 velo-2·
1595 1229 1852 1278 flosculus
1879 1239 2102 1294 angusta
2125 1228 2414 1294 miseroeque
2433 1229 2720 1278 brevissima

555 1327 670 1364 esse
693 1309 921 1364 lacinias
940 1329 973 1364 a
994 1310 1362 1365 versificatore
1388 1311 1574 1383 aliquo
1595 1310 1834 1366 adsutus.
1857 1315 2080 1364 festinat
2097 1315 2227 1363 enim
2252 1314 2534 1376 decuma,
2557 1315 2720 1363 velox

554 1397 830 1461 flosculus,
848 1409 1079 1462 angusta·
1094 1395 1379 1462 misem-que
1402 1397 1689 1447 brevissima
1706 1398 1829 1458 vita.-
1851 1399 2016 1448 Porcio
2033 1395 2294 1466 distingui
2311 1396 2468 1467 jubet
2488 1395 2719 1450 Wakef.

558 1474 630 1528 ad
648 1477 861 1530 Lucret.
887 1477 975 1528 111
987 1515 1006 1537 ,
1026 1495 1150 1546 97²·
1174 1505 1245 1518 --
1258 1481 1560 1541 Decurre-re,
1580 1489 1644 1531 ut
1663 1478 1737 1533 al.
1757 1497 1912 1530 oevum
1932 1480 2108 1544 currit,
2127 1480 2329 1542 labitur,
2347 1481 2522 1542 volae,
2540 1477 2722 1548 Τρόχος

557 1561 771 1632 ἅρματος
796 1559 893 1634 γὰρ
922 1553 1001 1612 οἷαι
1028 1560 1187 1619 Βίοτος
1210 1563 1375 1630 τρέχει
1406 1561 1662 1628 κυλισθεὶς,
1691 1564 1885 1614 Anacr.
1911 1564 2022 1628 IV,
2047 1581 2099 1633 7,
2133 1563 2186 1616 8.
2229 1560 2430 1614 Confer
2455 1561 2630 1614 Bentl.
2667 1573 2724 1614 et

554 1647 853 1701 Mitscherl.
880 1645 955 1700 ad.
980 1647 1172 1700 Horat.
1196 1645 1306 1700 Od.
1338 1647 1394 1698 Π
1410 1685 1425 1712 ,
1457 1645 1487 1700 5
1502 1686 1521 1708 ,
1559 1649 1645 1701 13.
1683 1678 1754 1690 —
1792 1653 2043 1700 Flosculus
2069 1651 2192 1700 vitoe
2207 1688 2222 1714 ,
2243 1661 2304 1700 ut
2325 1648 2460 1718 ἀκμὴ
2483 1660 2538 1700 et
2556 1648 2720 1718 ἀκμά-

554 1734 699 1791 ζουσα.
737 1731 903 1788 ἡλικία.
923 1770 939 1795 ,
974 1732 1062 1786 vel
1102 1731 1239 1790 ἄνθος
1267 1729 1393 1790 {ieme
1428 1731 1540 1802 ἄρτι
1575 1732 1826 1802 κυμαίνει,
1864 1731 2015 1804 apud
2050 1731 2208 1785 Pind.
2250 1733 2413 1805 Pyth.
2446 1732 2550 1798 IV,
2587 1733 2720 1796 2813

554 1817 761 1888 ἀκμαῖον
798 1815 936 1874 ἄνθος
969 1815 1127 1886 ὥροις,
1161 1813 1310 1888 apud
1350 1817 1546 1868 Anacr.
1586 1815 1856 1888 XXXIV,
1899 1821 1958 1878 4,
1993 1828 2048 1869 et
2081 1816 2278 1868 similia
2305 1815 2504 1887 passim
2536 1816 2719 1868 obvia.

556 1903 725 1951 Porcio
758 1901 911 1963 viae,
941 1901 1055 1972 iam
1086 1901 1241 1952 initio
1270 1917 1303 1952 a
1340 1898 1525 1952 Parcis
1559 1897 1869 1968 designata,
1904 1910 1966 1951 ut
1992 1919 2288 1965 praemensoe
2315 1914 2534 1966 tempora
2569 1901 2722 1962 lucit,

556 1980 706 2055 apud
726 1981 929 2034 Tibull.
952 1983 1041 2036 III
1056 2021 1073 2046 ‚
1092 1982 1123 2033 3
1138 2023 1153 2046 ‚
1176 2001 1209 2052 9
1223 2021 1236 2042 ‚
1253 1997 1302 2034 et
1320 1985 1447 2033 vitoe
1465 2001 1658 2032 summa
1676 1984 1829 2032 brevis
1854 1981 2003 2053 apud
2023 1983 2216 2035 Horat.
2237 1981 2346 2036 Od.
2373 1984 2428 2046 1,
2454 1988 2513 2046 4,
2540 2002 2624 2034 aa.
2651 1983 2718 2034 In

554 2067 734 2120 verbis
762 2070 1013 2119 decurrere
1024 2071 1268 2138 flosculus
1296 2065 1494 2120 diversi
1536 2065 1745 2138 generis
1779 2064 2038 2136 imagines
2069 2078 2123 2118 et
2158 2065 2504 2137 metaphoras
2537 2065 2723 2137 junxit

554 2164 742 2224 poeta,
764 2167 826 2208 ut
854 2153 911 2206 in
930 2150 1120 2206 eadem
1139 2171 1199 2204 re
1216 2151 1445 2203 Rufinus
1466 2151 1656 2221 Epigr.
1682 2150 1826 2201 VIII
1843 2190 1859 2216 ,
1882 2150 1910 2202 5
1925 2189 1940 2215 ,
1961 2150 2015 2202 in
2035 2150 2271 2205 Brunck.
2294 2151 2451 2204 Anal.
2479 2163 2608 2204 tom.
2631 2151 2717 2217 11,

557 2255 685 2309 pag.
726 2237 848 2306 39²·
890 2223 932 2289 Ᾰ
968 2237 1172 2295 πόσσους
1219 2233 1485 2304 κατέφλεξε
1530 2235 1584 2285 τὸ
1629 2233 1739 2306 πρὶν
1781 2235 2039 2286 θεοείκελον
2077 2234 2212 2294 ἄνθος
2229 2275 2244 2302 ,
2285 2233 2358 2286 ad
2401 2254 2519 2307 quae
2557 2233 2721 2288 verba

557 2321 758 2373 Jacobs
778 2319 850 2372 ad
878 2319 1168 2389 Antholog.
1196 2318 1369 2372 Groec.
1400 2317 1511 2370 vol.
1543 2318 1630 2382 ΙΙ,
1653 2330 1794 2389 part.
1825 2319 1941 2382 111,
1966 2337 2093 2391 pag.
2119 2319 2252 2388 159,
2285 2331 2469 2380 notat,
2503 2318 2560 2370 in
2577 2320 2720 2390 ejus-

558 2403 709 2456 modi
747 2403 1060 2467 vocabulis,
1106 2421 1341 2476 quorum
1373 2401 1748 2473 metaphorica
1787 2401 2114 2474 significatio
2161 2401 2431 2474 frequenti
2472 2419 2576 2454 usu
2612 2400 2723 2454 fere

559 2487 847 2540 obliterata
893 2486 1055 2539 fuerit
1071 2526 1088 2553 ‚
1128 2505 1240 2539 non
1298 2497 1613 2538 accuratam
1661 2484 1800 2538 adeo
1853 2485 2192 2558 diligentiam
2243 2486 2410 2538 fuisse
2459 2485 2723 2557 sequioris

559 2570 661 2625 oevi
689 2570 881 2642 poetis.

626 2667 769 2720 Nor.
810 2667 938 2729 128,
979 2683 1098 2732 129.
1138 2665 1289 2730 Quin
1325 2662 1462 2716 adeo
1493 2667 1611 2714 dum
1639 2667 1906 2732 loquimur,
1925 2666 2122 2736 fiagen't
2153 2667 2323 2716 invida
2350 2679 2496 2729 πτας,
2524 2664 2718 2720 Horat.

559 2749 668 2804 Od.
700 2751 755 2816 Ι,
784 2769 843 2802 11
863 2789 879 2815 ,
906 2769 958 2820 7.
986 2755 1152 2813 Serta,
1178 2763 1431 2816 unguenta
1454 2760 1509 2801 et
1532 2752 1714 2816 puellae
1741 2761 1986 2819 spectant
2005 2751 2346 2820 potissimum
2368 2749 2438 2802 ad
2463 2751 2650 2821 epulas
2667 2763 2722 2804 et

558 2833 989 2886 comessationes.
1014 2837 1155 2882 Serta
1176 2869 1192 2892 ,
1220 2830 1441 2902 proprie
1467 2833 1726 2900 στέμματα.
1753 2831 2046 2898 (scemata
2071 2833 2215 2884 VIII
2233 2871 2248 2896 ,
2276 2851 2324 2897 1,
2353 2837 2491 2884 laub
2496 2872 2592 2886 .....
2615 2837 2726 2885 und

556 2917 1055 2984 Blumengm'rlanden
1084 2917 1194 2964 und
1220 2916 1479 2984 Festum).
1506 2915 1796 2984 Pancarpi(
1817 2916 2232 2966 chluschnuoen
2250 2918 2290 2984 ),
2316 2916 2516 2988 quibus
2549 2935 2715 2970 orna-

558 3002 761 3052 bantur
779 2998 1006 3070 pocula,
1036 3002 1240 3064 januae,
1261 2999 1480 3064 altaria,
1514 3000 1681 3065 atria;
1709 3019 1740 3052 a
1766 2999 1964 3070 quibus
1991 2999 2315 3054 differebant
2341 3021 2530 3052 coronoe
2553 3014 2608 3054 et
2637 3023 2718 3055 co·

556 3087 721 3146 rolloe,
748 3084 1002 3149 στέφανοι,
1029 3082 1363 3150 artemia-mg
1387 3081 1496 3136 vid.
1522 3083 1720 3153 B6ttig.
1754 3081 1988 3148 Sabina,
2023 3103 2078 3155 p.
2111 3101 2205 3153 191
2223 3121 2238 3146 ‚
2271 3102 2386 3152 192.
2417 3089 2713 3155 Unguenta,-

558 3166 685 3221 vide
706 3164 778 3219 ad
804 3167 885 3217 vl
900 3205 913 3230 ‚
934 3166 1056 3230 303,
1080 3178 1133 3217 et
1147 3167 1253 3226 XI,
1290 3184 1407 3218 ηπ.
1434 3167 1740 3236 Unguentis
1763 3167 1926 3218 etiam
1950 3167 2345 3238 pretiosissimis
2369 3170 2556 3240 capilli
2575 3172 2720 3224 mol-

558 3249 697 3300 lium
738 3247 981 3301 virorum
1019 3247 1447 3318 feminarumque
1492 3267 1703 3320 semper
1738 3249 1972 3302 delibuti
2009 3263 2192 3316 erant;
2230 3251 2356 3304 vide
2396 3253 2598 3324 Spanh.
2643 3253 2716 3307 ad

562 3332 776 3384 Gallim.
800 3331 853 3382 in
873 3331 1049 3402 Apoll.
1076 3329 1201 3384 vide
1222 3331 1287 3383 38
1310 3349 1418 3400 seq.
1444 3343 1497 3383 et
1515 3331 1696 3386 Burm.
1722 3332 1791 3385 ad
1815 3333 1979 3388 ovid.
2005 3335 2134 3389 Her.
2161 3334 2283 3400 XV,
2304 3339 2682 3406 76.—Puellas
2693 3362 2718 3402 ;

560 3413 688 3468 vide
712 3413 784 3466 ad
798 3415 881 3467 XI
896 3451 913 3474 ,
946 3417 1066 3467 162.
1080 3443 1149 3454 -·-
1166 3416 1383 3483 obrepit,
1408 3415 1662 3485 praeclare
1680 3413 1748 3469 de
1767 3431 2028 3480 senectute,
2049 3437 2170 3489 quae
2189 3432 2385 3490 praeter
2401 3420 2716 3492 opinionem

560 3511 618 3552 et
640 3517 739 3550 non
762 3501 1039 3558 intellecta,
1073 3497 1180 3563 ita,
1216 3509 1280 3550 ut
1303 3497 1395 3551 vix
1422 3517 1488 3551 ac
1512 3517 1581 3552 ne
1611 3500 1701 3552 vix
1729 3500 1948 3572 quidem
1981 3503 2299 3569 sentiamus,
2329 3502 2622 3558 adventat:
2652 3521 2716 3560 ut

561 3581 711 3718 {pud
729 3585 952 3718 2[iacgr-et.
980 3583 1009 3634 Ι
1024 3620 1040 3646 ,
1066 3582 1185 3644 415.
1208 3605 1231 3628 ι
1248 3581 1433 3634 Tarda
1450 3601 1550 3655 per
1577 3586 1819 3639 membra
1849 3599 2092 3640 senectus
2111 3589 2306 3660 serpit3
2328 3614 2350 3636 ι
2375 3589 2521 3662 apud
2545 3591 2712 3646 Ovid.

628 3677 697 3719 et.
794 3705 810 3725 ,
880 3683 962 3734 19.

936 3772 1134 3820 Labitur
1156 3773 1343 3850 oeenl'te
1366 3775 1581 3837 fallitque
1604 3777 1814 3824 volatilis
1839 3786 1974 3834 aetas,

562 3889 617 3930 et
640 3877 783 3930 Fast.
807 3875 919 3941 VI,
947 3892 1045 3944 771
1062 3914 1079 3942 ,

932 3984 1170 4045 Tempora
1190 3985 1435 4041 labuntur,
1457 3987 1708 4049 tacitisque
1729 3987 2015 4035 senescimus
2037 3989 2188 4035 annis.

560 4086 651 4142 sic
688 4109 711 4132 ιι
734 4082 950 4156 obrepit
984 4082 1357 4140 adolescentiae
1386 4099 1632 4141 senectus
1641 4113 1696 4150 ,·
1737 4087 1876 4142 dixit
1910 4088 2025 4144 Cic.
2057 4088 2126 4143 de
2157 4089 2281 4144 Sen.
2315 4109 2436 4164 cap.
2471 4113 2528 4158 2;
2561 4121 2583 4141 ι
2605 4097 2714 4149 Au-
