3050 4884
547 361 634 439 48
795 363 1209 433 sA‘rmAE
1251 363 1682 435 DECIMAE
1724 332 2459 433 ARGUMENTUM.

541 496 867 568 latronum,
909 498 1004 553 vel
1047 512 1275 555 veneno
1319 504 1621 565 necentur,
1664 514 1751 551 vs.
1793 512 2042 567 12—27.
2082 496 2221 553 Non
2256 493 2472 553 mirum
2499 494 2701 569 itaque

545 601 848 659 stultitiam
875 600 1183 660 hominum
1208 620 1434 677 semper
1455 598 1752 657 Heraclito
1775 597 1979 657 fletum
2006 600 2252 659 mo'visse
2280 612 2339 657 et
2362 600 2541 657 risum
2564 618 2705 657 con-

548 715 638 761 tra
667 703 1041 776 Democrito,
1086 705 1190 780 qui
1229 704 1417 761 multo
1447 704 1629 781 mag-is
1666 703 1913 776 risisset,
1960 705 2009 762 si
2043 706 2258 762 nostris
2287 704 2523 762 vixisset
2552 714 2707 761 tem-

547 810 821 887 poribus,
871 810 1083 886 quibus
1130 812 1307 887 longe
1343 810 1535 884 major
1576 821 1663 869 est
1706 811 1877 867 luxus
1925 828 1993 868 ac
2032 810 2241 879 fastum,
2285 828 2369 867 vs.
2414 810 2586 867 28-
2604 806 2704 865 55.

548 915 801 972 Maxima
830 913 1092 991 potentia
1121 914 1448 989 summique
1477 914 1760 982 honores,
1804 914 1883 971 ad
1908 934 2055 990 quos
2084 914 2353 972 nonnulli
2382 912 2710 989 adspirant,

548 1038 818 1096 magnam
843 1019 913 1076 iis
943 1018 1250 1089 invidiam,
1273 1018 1594 1094 perniciem
1617 1018 1961 1096 ruinamque
1990 1032 2224 1095 parant,
2254 1038 2363 1076 nec
2384 1017 2495 1075 nisi
2522 1040 2555 1074 a
2582 1036 2711 1075 mo-

548 1125 658 1181 bili
684 1124 871 1201 plebis
907 1125 1102 1181 animo
1134 1133 1195 1180 et
1223 1125 1498 1181 Fortunae
1530 1124 1732 1181 favore
1758 1124 2048 1200 pendent,
2080 1144 2199 1201 quo
2228 1135 2452 1181 mutato
2480 1124 2527 1180 is
2543 1164 2563 1195 ,
2604 1122 2711 1199 qui

547 1230 724 1306 paulo
745 1240 877 1287 ante
899 1230 1255 1286 adorabatur
1275 1246 1308 1284 a
1329 1230 1541 1305 vulgo,
1562 1228 1635 1284 ab
1658 1229 1867 1287 eodem
1892 1232 2041 1287 male
2068 1240 2345 1287 tractatur
2368 1240 2427 1287 et
2442 1230 2519 1287 ad
2534 1229 2709 1286 scalas

548 1334 860 1393 Gemonias
887 1334 1142 1409 indeque
1173 1334 1237 1389 in
1268 1332 1532 1391 Tiberim
1559 1354 1713 1394 unco
1743 1336 2019 1408 trahitur3
2054 1328 2219 1413 quod
2238 1356 2344 1394 suo
2367 1336 2579 1393 damno
2604 1354 2710 1395 ex-

548 1440 702 1518 perti
731 1451 867 1497 sunt
903 1437 1144 1512 Sejanus
1169 1437 1295 1515 (vs.
1327 1437 1601 1510 56—107
1626 1438 1669 1516 ),
1710 1450 1768 1496 et
1788 1439 1909 1515 jam
1936 1450 2069 1497 ante
2096 1458 2229 1497 eum
2256 1438 2475 1511 Crassi,
2528 1441 2712 1495 Pom-

547 1546 739 1623 peius,
771 1547 960 1602 Caesar
980 1554 1039 1600 et
1059 1544 1157 1600 alii
1186 1564 1199 1598 :
1224 1562 1359 1597 nam
1382 1544 1555 1618 pauci
1576 1543 1740 1601 fuere
1762 1563 1927 1621 reges
1952 1546 2043 1602 vel
2069 1543 2359 1621 principes
2380 1542 2625 1601 civitatis
2650 1554 2713 1601 et

550 1648 806 1727 tyranni,
845 1646 948 1721 qui
970 1666 1094 1703 non
1123 1645 1439 1702 violentam
1466 1646 1617 1720 passi
1642 1648 1762 1704 sint
1786 1659 2067 1721 mortem,
2090 1668 2173 1705 vs.
2203 1649 2429 1705 108—1
2445 1647 2535 1703 13.
2566 1649 2713 1702 Elo-

548 1754 792 1830 quentia
823 1750 1060 1806 summis
1095 1738 1520 1824 nonuunquam
1562 1751 1927 1823 oratoribus,
1968 1762 2038 1807 ut
2075 1750 2345 1808 Ciceroni
2372 1770 2439 1807 ac
2468 1753 2712 1809 Demos-

550 1857 747 1929 theni,
777 1856 983 1914 mortis
1013 1875 1184 1913 causa
1215 1854 1358 1925 fuit,
1385 1873 1470 1910 vs.
1510 1857 1841 1923 114—132.
1878 1857 2078 1913 Gloria
2116 1857 2321 1913 bellica
2354 1875 2535 1932 quum
2561 1877 2713 1915 vana

550 1966 864 2042 brevisque
895 1976 1012 2035 est,
1046 1974 1171 2021 tum
1201 1961 1466 2019 maximis
1499 1982 1650 2038 saepe
1682 1961 2135 2039 imperatoribus
2166 1964 2405 2021 exitiosa
2424 2006 2439 2036 ‚
2471 1977 2538 2022 ut
2570 1966 2713 2023 olim

551 2068 892 2139 Hannibali,
924 2065 1261 2125 Alexandro
1291 2076 1349 2123 et
1377 2067 1603 2140 Xerxi,
1636 2088 1721 2124 vs·
1756 2070 2091 2142 133—187.
2120 2074 2333 2147 Longa
2356 2072 2489 2127 vita
2516 2070 2715 2127 multis

555 2175 812 2233 obnoxia
831 2185 917 2253 est
935 2171 1323 2230 incommodis
1340 2191 1405 2228 ac
1421 2172 1614 2245 malis;
1634 2172 1854 2250 quippe
1868 2194 2031 2232 senes
2044 2176 2387 2251 plerumque
2406 2175 2714 2246 deformes,

555 2281 783 2358 rugosi,
813 2279 1066 2351 infirmi,
1099 2278 1365 2350 tremuli,
1397 2278 1581 2352 calvi,
1612 2279 1860 2352 mucidi,
1908 2281 2197 2353 edentuli,
2237 2282 2439 2353 uxori,
2478 2282 2675 2338 liberis
2696 2323 2717 2353 ,

559 2386 672 2443 sibi
701 2384 954 2460 ipsisque
985 2382 1376 2457 captatoribus
1415 2402 1619 2460 graves
1633 2427 1650 2456 ‚
1696 2398 1959 2462 expertes
1990 2398 2189 2462 gustus
2202 2428 2221 2458 ,
2266 2385 2342 2443 ad
2373 2404 2497 2443 rem
2520 2389 2718 2443 Vene-

555 2496 716 2547 ream
736 2488 1036 2559 inhabileS,
1057 2488 1245 2559 surdi,
1271 2488 1430 2560 caeci,
1449 2490 1673 2562 manci,
1696 2490 1998 2562 obliviosi,
2020 2510 2105 2547 vs.
2137 2490 2466 2568 188-239.
2490 2490 2719 2561 Quodsi

559 2616 704 2655 vero
734 2614 984 2671 corpore
1007 2595 1180 2652 etiam
1203 2614 1270 2652 ac
1297 2607 1490 2653 mente
1517 2597 1716 2653 valent
1739 2596 1804 2652 in
1824 2609 2117 2654 senectute
2139 2597 2403 2655 homines
2418 2640 2436 2669 ,
2458 2596 2720 2655 sentiunt

563 2714 758 2777 tamen
782 2722 848 2759 ac
877 2703 1082 2777 lugent
1108 2699 1217 2756 alia
1245 2719 1424 2776 eaque
1451 2701 1673 2781 majora
1694 2702 1876 2771 mala,
1906 2701 2002 2757 vel
2027 2700 2259 2777 publica
2278 2703 2374 2758 vel
2401 2701 2621 2777 privata
2650 2719 2717 2757 ac

557 2807 830 2885 propria,
861 2806 1053 2883 qualia
1081 2805 1232 2880 passi
1263 2817 1399 2861 sunt
1427 2808 1660 2876 Nestor,
1690 2807 1927 2876 PeleuS,
1960 2806 2220 2863 Priamus
2238 2849 2254 2878 ,
2296 2805 2559 2875 Hecuba,
2596 2805 2717 2861 Mi-

561 2911 870 2977 thridates,
901 2912 1160 2980 Croesus,
1185 2908 1406 2965 Marius
1425 2950 1442 2979 ,
1471 2908 1809 2985 Pompeius,
1834 2911 2045 2986 quibus
2065 2910 2348 2968 feliciores
2370 2910 2533 2967 fuere
2562 2911 2718 2966 Len-

560 3018 745 3089 tulus,
787 3016 1076 3091 Cethegus
1115 3025 1173 3071 et
1215 3013 1487 3087 Catilina,
1530 3034 1613 3071 vs.
1662 3014 1995 3083 240—288.
2037 3016 2417 3073 Pulchr-itudo
2463 3013 2719 3089 denique

561 3142 698 3181 raro
728 3119 1070 3197 pudicitiam
1091 3128 1307 3189 tuetur,
1329 3120 1643 3194 multisque
1664 3118 1887 3176 insidiis
1906 3160 1923 3191 ,
1951 3119 2179 3193 injuriis
2202 3140 2268 3177 ac
2287 3120 2559 3197 periculis
2580 3120 2717 3176 sub-

557 3228 710 3301 jecta
751 3236 863 3294 est;
900 3221 1063 3299 quod
1105 3222 1320 3279 docent
1360 3224 1619 3299 exempla
1665 3224 1951 3280 Lucretiae
1967 3265 1983 3294 ,
2025 3224 2330 3301 Virginiae,
2374 3223 2713 3299 Hippolyti,

561 3326 1025 3405 Bellerophontis
1057 3338 1115 3384 et
1143 3327 1210 3384 C.
1243 3327 1397 3398 Silii,
1438 3346 1519 3385 vs.
1552 3327 1889 3403 289—345.
1926 3332 2071 3399 Quae
2102 3348 2283 3406 quum
2310 3331 2393 3387 ita
2424 3331 2566 3401 sint,
2589 3330 2719 3386 Diis

562 3434 759 3512 potius
782 3432 1066 3508 judicium
1095 3431 1169 3489 de
1199 3450 1298 3503 ec,
1328 3431 1491 3508 quod
1517 3450 1657 3488 vere
1686 3433 1856 3490 nobis
1886 3434 2202 3506 conducat,
2232 3435 2717 3511 permittendum,

563 3551 689 3610 aut,
718 3538 768 3596 si
797 3536 1114 3614 optandum
1139 3535 1386 3612 aliquid,
1410 3536 1698 3593 orandum
1722 3548 1807 3593 est
1831 3549 1901 3594 ut
1930 3557 2090 3596 mens
2118 3560 2253 3597 sana
2283 3540 2443 3597 sitin
2466 3558 2717 3615 corpore

564 3663 737 3715 sanc,
781 3651 848 3698 ut
887 3660 952 3697 ea
983 3640 1058 3697 sit
1085 3640 1282 3711 fortis,
1322 3659 1520 3697 carens
1554 3652 1782 3699 terrore
1822 3646 2027 3713 mortis
2046 3686 2065 3717 ,
2094 3646 2362 3703 laborum
2404 3645 2627 3719 patiens
2658 3656 2721 3702 et

567 3764 772 3823 expers
801 3745 1019 3801 acrium
1045 3744 1357 3801 affectuum
1385 3744 1914 3825 cupiditatumque:
1937 3752 2018 3807 ita
2048 3751 2203 3807 enim
2234 3749 2603 3825 tranquillam
2627 3761 2720 3808 at-

566 3873 680 3929 que
714 3852 942 3908 beatam
969 3872 1202 3929 agemus
1228 3850 1438 3922 vitam,
1475 3872 1603 3933 quae
1633 3875 1666 3912 a
1696 3860 1815 3915 sola
1852 3859 2068 3917 virtute
2096 3878 2163 3916 ac
2188 3860 2495 3935 sapientia,
2530 3878 2654 3917 non
2686 3882 2717 3917 a

566 3962 822 4018 Fortuna
839 4001 856 4033 ,
881 3958 1097 4035 pendet
1113 4000 1130 4031 ,
1163 3957 1395 4026 346-3
1404 3958 1498 4017 66.
