3050 4884
591 313 679 378 66
1181 310 1263 375 D.
1307 306 1571 373 JUNII
1614 306 2139 375 IUVENALIS

591 427 772 497 Felix
801 424 1118 495 nimirum
1137 475 1156 510 ,
1186 424 1304 517 qui
1331 437 1431 490 tot
1455 446 1578 517 per
1602 419 1840 491 saecula
1866 437 2155 491 mortem

589 536 901 621 Distulit,
931 551 1134 630 atque
1173 558 1325 607 suos
1347 532 1486 626 jam
1522 532 1753 601 dextra
1784 548 2129 626 computat
2160 556 2400 621 annoS,

588 649 862 742 Quique
899 670 1149 714 novum
1187 644 1380 712 toties
1414 657 1708 710 mustum
1742 640 1941 711 bibit!
1978 644 2159 731 Or0,
2198 668 2561 739 parumper
2619 656 2717 711 250

588 756 943 843 Attendas,
977 769 1304 848 quantum
1343 752 1425 821 de
1458 750 1716 845 legibus
1750 752 1891 845 ipse
1924 769 2244 846 queratur

585 870 902 936 Fatorum
921 918 939 951 ,
979 878 1046 932 et
1073 864 1284 931 nimio
1308 862 1392 930 de
1417 862 1700 930 stamine
1720 912 1739 947 ,
1768 884 1976 953 quum
2010 862 2196 930 videt
2225 861 2399 931 acris

586 974 928 1044 Antilochi
957 972 1232 1040 barbam
1265 970 1654 1057 ardentem3
1692 994 1902 1063 quum
1936 972 2172 1063 quaerit
2197 972 2281 1040 ab
2309 971 2525 1057 omni,

586 1083 904 1177 Quisquis
931 1080 1111 1149 adest
1135 1080 1385 1164 socius,
1411 1104 1534 1148 cur
1560 1079 1702 1147 haec
1728 1078 1797 1146 in
1828 1092 2137 1173 tempora
2160 1078 2385 1167 duret;

584 1193 787 1281 Quod
815 1191 1074 1260 facinus
1109 1190 1388 1284 dignum
1422 1201 1558 1259 tam
1590 1186 1798 1283 longo
1826 1189 2166 1258 admiserit
2190 1190 2377 1261 aevo?
2622 1202 2719 1255 255

585 1304 747 1371 Haec
773 1299 1006 1369 eadem
1038 1297 1272 1367 Peleus
1289 1350 1308 1383 ,
1338 1312 1845 1395 raptum-quum
1874 1298 2061 1395 luget
2085 1299 2454 1387 Achillem3

583 1420 804 1506 Atque
837 1408 1039 1495 aliuS,
1086 1409 1194 1477 cui
1233 1407 1331 1476 sas
1373 1406 1689 1477 Ithacum
1721 1407 1953 1503 lugere
1992 1424 2352 1479 natantem.

583 1519 916 1589 Incolumi
944 1518 1118 1610 troja
1143 1517 1452 1585 Priamus
1476 1518 1764 1587 venisset
1787 1518 1872 1587 ad
1896 1519 2167 1588 umbras

581 1628 884 1697 Assaraci
921 1626 1180 1719 magnis
1208 1622 1630 1712 solennibus,
1658 1629 1953 1695 Hectore
1977 1626 2179 1696 funus

582 1742 901 1807 Portante
922 1790 943 1822 ,
973 1759 1052 1803 ac
1089 1732 1358 1828 reliquis
1389 1734 1679 1803 fratrum
1708 1735 2119 1824 cervicibus,
2160 1738 2335 1804 inter
2622 1754 2719 1801 260

581 1845 872 1915 Iliadum
901 1843 1260 1937 lacrymaS,
1291 1858 1369 1912 ut
1396 1842 1658 1937 primos
1686 1843 1883 1912 edere
1910 1843 2221 1938 planctus

579 1954 946 2025 Cassandra
977 1953 1332 2045 inciperet,
1358 1953 1689 2045 scissaque
1711 1951 2048 2045 Polyxena
2075 1951 2282 2047 palla,

582 2066 651 2133 Si
690 2065 869 2133 foret
903 2063 1275 2131 exstinctus
1313 2060 1579 2129 diverso
1614 2072 1953 2155 tempore,
1982 2088 2118 2157 quo
2148 2087 2284 2130 non

583 2180 896 2268 Coeperat
934 2172 1218 2241 audaces
1256 2172 1440 2241 Paris
1480 2171 1809 2241 aedificare
1845 2176 2122 2241 carinas.

582 2286 820 2377 Longa
849 2280 991 2349 dies
1019 2280 1223 2375 igitur
1248 2279 1413 2373 quid
1445 2278 1772 2349 contulit?
1795 2280 2027 2348 omnia
2056 2280 2225 2347 vidit
2618 2295 2715 2345 263

585 2474 804 2531 tamdiu
825 2466 1003 2528 vitam'
1033 2473 1464 2549 prorogaverit,
1482 2473 1717 2548 jamque
1755 2472 1957 2530 dextra
1992 2484 2189 2530 utatur
2214 2490 2389 2527 manu
2418 2472 2491 2529 ad
2519 2491 2723 2530 nume-

584 2567 820 2623 randam
851 2576 1104 2634 atatem,
1132 2586 1197 2621 ac
1219 2566 1388 2622 toties
1413 2566 1615 2620 vinum
1638 2582 1837 2621 recens
1858 2567 2227 2641 hot-numque
2252 2575 2435 2639 potet.
2472 2566 2687 2621 Verum
2704 2610 2721 2639 ,

582 2660 808 2728 amabo,
831 2658 1090 2732 expende
1113 2677 1285 2732 qnam
1314 2659 1569 2735 graviter
1592 2658 1714 2732 ipse
1738 2657 1810 2713 de
1830 2657 2082 2713 fatorum
2101 2656 2347 2714 decretis
2370 2659 2719 2731 expostulet,

584 2762 650 2808 ut
676 2751 809 2807 vitae
830 2749 1112 2826 longioris
1137 2746 1299 2805 filum
1322 2760 1577 2818 accuset,
1603 2768 1783 2824 quum
1808 2750 1897 2807 sui
1916 2748 2238 2820 Antilochi,
2256 2749 2377 2823 jam
2398 2749 2723 2825 grandioris

583 2856 640 2901 et
672 2843 904 2900 barbati
937 2843 1186 2899 cadaver
1223 2842 1557 2916 impositum
1592 2860 1739 2917 rogo
1776 2842 2020 2899 cremari
2052 2842 2252 2899 cernit.
2286 2844 2431 2897 Nam
2468 2842 2724 2919 singulos

582 2936 833 3003 sodales,
857 2933 1209 3007 quicumque
1239 2932 1498 3001 adstant,
1527 2932 1883 3007 interrogat,
1917 2952 2023 2991 cur
2058 2932 2135 2988 ad
2161 2933 2311 2989 illud
2335 2952 2517 2989 aevum
2544 2954 2725 3009 usque
2806 2972 2813 2979 ·

580 3025 990 3101 permanserit,
1032 3035 1090 3079 et
1123 3024 1284 3098 quod
1322 3024 1547 3080 facinus
1574 3023 1901 3094 admiserit,
1938 3025 2034 3080 cui
2073 3044 2239 3098 poena
2280 3036 2395 3081 tam
2432 3026 2723 3083 diuturna
2783 3058 2789 3063 ·

497 3102 502 3107 ⁶
581 3120 716 3173 vitae
751 3116 959 3171 merito
1001 3116 1075 3171 sit
1102 3116 1390 3190 irrogata?
1423 3116 1639 3171 Eadem
1674 3117 1872 3172 Peleus
1910 3116 2195 3191 queritur,
2224 3136 2407 3191 quum
2440 3118 2723 3174 Achillem
2787 3096 2799 3134 ζ

582 3208 766 3265 filium
810 3207 1020 3263 acerba
1055 3218 1242 3262 morte
1283 3206 1389 3263 sibi
1433 3217 1695 3281 ereptum
1730 3207 2028 3281 deplorat;
2068 3227 2293 3264 necnon
2332 3210 2591 3278 Laertes,
2630 3211 2726 3265 cui

582 3310 842 3357 senectus
867 3300 1040 3375 longa
1075 3298 1294 3355 idcirco
1323 3298 1557 3354 videtur
1587 3298 1922 3374 contigisse,
1955 3311 2021 3356 ut
2050 3302 2315 3377 Ulyssem
2339 3302 2513 3357 variis
2534 3302 2725 3379 pelagi

582 3393 880 3450 erroribus
890 3392 1169 3465 jactatum
1185 3390 1404 3447 diutius
1416 3392 1661 3467 lugeret.
1677 3392 1740 3448 Si
1752 3393 2013 3448 Priamus
2027 3392 2259 3449 obiisset
2275 3392 2517 3449 florente
2533 3392 2723 3449 adhuc

517 3496 520 3505 ·
580 3484 795 3557 Troja‚
823 3484 938 3539 alio
967 3494 1253 3557 tempore,
1294 3501 1412 3556 quo
1445 3485 1603 3539 Paris
1634 3483 1696 3538 in
1730 3486 2011 3540 Graeciam
2038 3485 2434 3561 profecturus,
2465 3497 2523 3541 et
2552 3487 2727 3542 Hele-

579 3594 712 3631 nam
734 3574 936 3630 audaci
955 3585 1225 3649 rapturus
1245 3573 1456 3631 scelere
1470 3616 1485 3641 ,
1502 3574 1627 3648 jam
1644 3576 1876 3631 classem
1894 3576 2239 3643 adornabat,
2263 3577 2524 3652 profecto
2544 3578 2724 3633 elatus

578 3668 782 3723 fuisset
800 3684 1011 3742 magno
1035 3678 1310 3743 apparatu
1327 3708 1344 3738 ,
1368 3679 1428 3723 et
1451 3668 1527 3723 ad
1552 3668 1809 3723 Assaraci
1830 3688 2027 3725 manes
2048 3669 2276 3743 placide
2304 3668 2689 3725 descendisset
2704 3710 2720 3737 ‚

579 3760 832 3815 Hectore
847 3777 974 3812 cum
1001 3756 1278 3816 fratribus
1298 3759 1629 3834 impositum
1652 3760 1907 3816 humeris
1922 3760 2168 3817 cadaver
2186 3760 2565 3836 gestantibus;
2584 3762 2727 3816 Tro·

573 3850 726 3924 janis
753 3850 1037 3907 matronis
1058 3852 1214 3907 luctu
1239 3850 1495 3926 fletuque
1530 3852 1701 3908 funus
1732 3852 2239 3927 prosequentibus;
2264 3852 2581 3907 Cassandra
2600 3850 2727 3926 pri-

576 3960 704 3997 mos
733 3942 997 4016 planctus
1025 3942 1357 4015 inchoante3
1385 3946 1675 4021 Polyxena
1705 3943 1950 4001 discissis
1977 3945 2233 4000 vestibus
2262 3943 2493 3999 eosdem
2522 3942 2725 3998 incen-

582 4032 773 4090 dente.
813 4033 974 4105 Quid
1003 4034 1185 4111 igitur
1220 4036 1516 4093 Priamum
1559 4038 1675 4095 vita
1716 4036 1951 4113 longior
1986 4036 2185 4109 juvit?
2228 4036 2341 4091 nisi
2372 4044 2439 4091 ut
2480 4035 2725 4111 patriam
