3050 4884
972 409 1348 475 sA‘rfflA
1395 410 1809 477 nEmMA.
1984 438 1989 445 ·
2166 504 2171 509 ἱ
2391 409 2469 477 53

320 518 446 587 Sed
481 518 696 589 facilis
732 524 944 591 cuivis
977 523 1180 617 rigidi
1218 548 1498 593 censura
1536 526 1845 595 cachinni
1878 554 1893 594 :

320 627 708 697 Mirandum
745 646 876 715 est,
913 630 1094 700 unde
1133 630 1246 699 ille
1285 630 1496 701 oculis
1526 633 1869 704 suffecerit
1901 636 2165 707 humor.

315 736 652 829 Perpetuo
691 738 826 807 risu
862 738 1251 833 pulmonem
1287 743 1539 835 agitare
1576 742 1831 815 solebat

315 847 777 933 Democritus,
807 874 1216 945 quamquam
1244 876 1386 919 non
1417 867 1637 921 essent
1660 852 1941 923 urbibus
1967 852 2095 923 illis

315 956 681 1044 Praetexta,
709 972 775 1027 et
803 960 1079 1045 trabeae,
1119 960 1358 1046 fasceS,
1391 960 1662 1049 lectica,
1695 963 2012 1034 tribunal.
2398 980 2465 1033 ³5

314 1064 500 1153 Quid
517 1118 538 1153 ,
567 1065 622 1135 si
651 1066 924 1138 vidisset
949 1084 1306 1165 praetorem
1338 1073 1651 1142 curribus
1681 1071 1830 1141 altis

314 1178 734 1261 Exstantem,
764 1194 834 1248 et
859 1178 1080 1249 medio
1109 1180 1462 1249 sublimem
1489 1182 1561 1249 in
1595 1179 1877 1275 pulvere
1903 1184 2119 1269 Circi,

312 1286 398 1353 In
433 1286 668 1354 tunica
694 1288 912 1373 Jovis,
947 1304 1016 1357 et
1051 1291 1248 1383 pictae
1280 1293 1570 1359 Sarrana
1604 1290 1933 1360 ferentem

314 1395 416 1461 Ex
451 1393 756 1463 humeris
791 1394 1001 1465 aulaea
1038 1412 1214 1491 togae
1234 1450 1254 1484 ,
1291 1424 1687 1493 magnaeque
1720 1424 1988 1469 coronae

312 1504 606 1571 Tantum
634 1504 866 1575 orbem
885 1556 904 1588 ,
939 1522 1194 1598 quanto
1226 1511 1454 1578 cervix
1489 1534 1629 1577 non
1662 1509 1921 1579 sufficit
1952 1510 2126 1580 ulla?
2390 1530 2457 1587 ⁴0

308 1610 582 1705 Quippe
608 1626 790 1681 tenet
818 1612 1066 1681 sudans
1093 1613 1270 1685 hanc
1304 1614 1649 1709 publicus,
1676 1631 1777 1701 et,
1812 1617 1938 1687 sibi
1976 1618 2209 1688 consul

315 1722 423 1789 Ne
456 1720 745 1815 placeat,
785 1746 990 1791 curru
1022 1746 1254 1792 servus
1290 1732 1602 1817 portatur
1638 1724 1899 1793 e'odem.

314 1833 420 1899 Da
447 1856 632 1901 nunc
663 1847 734 1900 et
765 1830 1136 1916 volucrem,
1169 1848 1440 1928 sceptro
1470 1857 1623 1927 quae
1650 1837 1865 1929 surgit
1900 1836 2197 1925 eburno,

315 1938 512 2009 Illinc
541 1941 954 2025 cornicines,
991 1941 1154 2011 hinc
1181 1941 1632 2036 praecedentia
1658 1941 1845 2038 longi
2266 1938 2273 1945 ’

315 2050 626 2145 Agminis
652 2048 906 2137 officia,
946 2066 1015 2121 et
1045 2052 1274 2121 niveos
1303 2051 1388 2121 ad
1425 2051 1617 2119 frena
1651 2051 1981 2141 Quirites,
2390 2076 2459 2135 45

317 2160 598 2230 Defossa
629 2162 698 2229 in
732 2158 968 2231 loculis
995 2186 1166 2255 quos
1197 2159 1496 2256 sportula
1524 2159 1685 2231 fecit
1714 2162 1985 2232 amicos·

315 2270 511 2341 Tunc
537 2295 810 2367 quoque
838 2272 1184 2369 materiam
1216 2272 1386 2341 risus
1413 2270 1673 2340 invenit
1707 2270 1793 2339 ad
1823 2295 2071 2343 omnes,

317 2476 622 2535 hominum
639 2479 888 2537 ridendo
909 2468 1244 2557 coarguere,
1269 2498 1444 2555 quam
1459 2478 1685 2550 flend03
1705 2480 2035 2555 mirumque
2055 2491 2319 2555 apparet,
2340 2499 2461 2555 quo

317 2579 491 2643 pacto
517 2580 636 2627 tam
653 2571 864 2629 uberes
889 2573 1170 2647 lacrymas
1195 2572 1258 2627 in
1283 2584 1565 2647 promptu
1596 2572 1875 2629 Heracliti
1902 2587 2131 2646 semper
2152 2573 2467 2629 habuerint

317 2660 492 2717 oculi.
521 2662 892 2719 Democritus
929 2663 1339 2719 effundebatur
1371 2664 1434 2719 in
1460 2665 1643 2721 risum
1676 2674 2051 2738 perpetuum,
2080 2664 2217 2720 licet
2256 2664 2322 2719 in
2360 2663 2461 2735 iis,

315 2752 528 2828 quibus
549 2754 825 2830 degebat,
847 2754 1078 2828 oppidis
1095 2773 1218 2811 non
1237 2766 1637 2829 spectarentur
1656 2764 1975 2828 praetextae,
1998 2753 2235 2821 trabeae,
2258 2754 2462 2825 fasces,

319 2846 626 2903 tribunalia
641 2884 660 2915 ,
692 2844 925 2903 lectica.
959 2845 1122 2915 Quid
1143 2844 1192 2901 si
1211 2846 1365 2906 ludis
1395 2856 1454 2903 et
1477 2845 1817 2920 spectaculis
1840 2844 2055 2901 nostris
2078 2842 2469 2916 interfuisset,

317 2936 380 2993 in
395 2937 612 3011 quibus
627 2946 846 3010 praetor
865 2937 1100 2993 sublimi
1121 2956 1326 3006 curru,
1353 2938 1827 3011 pulverulentum
1852 2954 1959 3011 per
1982 2935 2216 2993 Circum
2236 2935 2465 2992 invehi.—

317 3039 436 3099 tur,
459 3028 652 3084 tunica
669 3046 703 3085 e
723 3027 1014 3102 Capitolio
1031 3040 1260 3103 sumpta
1277 3027 1516 3085 indutus
1530 3068 1549 3097 ,
1566 3027 1915 3102 picturatum
1935 3046 2044 3085 acu
2056 3026 2307 3103 Phrygia
2324 3044 2465 3100 pur-

317 3139 558 3194 puream
573 3132 767 3196 togam
782 3161 801 3190 ,
821 3120 1002 3179 instar
1020 3122 1185 3179 aulaei
1203 3122 1452 3196 amplam
1467 3162 1486 3191 ,
1507 3118 1765 3177 humeris
1778 3132 2005 3195 gestans
2018 3160 2037 3189 ,
2068 3129 2128 3175 et
2149 3118 2461 3175 imminen-

319 3225 436 3270 tem
461 3212 670 3270 vertici
687 3214 902 3271 habeus
927 3232 1206 3273 eoronam
1235 3224 1412 3271 tantae
1434 3213 1636 3282 molis,
1668 3224 1736 3269 ut
1760 3212 1847 3269 ini
1872 3212 2125 3269 ferendae
2148 3210 2247 3267 vix
2276 3212 2462 3267 ullum

318 3314 490 3378 caput
505 3322 625 3361 esse
643 3323 750 3379 par
766 3307 976 3380 queat?
1004 3308 1080 3363 Et
1093 3325 1238 3363 vero
1255 3305 1522 3380 publicus
1540 3304 1803 3363 minister
1822 3323 1972 3380 aegre
1990 3303 2149 3361 illam
2174 3303 2462 3363 sustinens

319 3395 490 3453 sudat
507 3436 526 3463 ,
555 3414 650 3464 ac,
686 3414 762 3455 ne
791 3398 1098 3457 insolescat
1125 3400 1355 3470 consul,
1395 3399 1589 3457 editor
1617 3400 1925 3469 ludorum,
1965 3396 2467 3471 illistriumphan-

317 3489 468 3545 tium
495 3488 817 3565 insignibus
844 3501 1082 3547 ornatus
1096 3532 1114 3560 ‚
1135 3491 1200 3547 in
1221 3492 1430 3548 eodem
1457 3510 1639 3549 curru
1658 3499 2157 3565 servusgestatur.
2188 3488 2462 3565 Hisadde

313 3580 634 3654 scipionem
659 3582 978 3663 eburneum
993 3622 1010 3652 ,
1041 3582 1202 3656 eujus
1229 3582 1382 3657 apici
1405 3584 1599 3658 aquila
1620 3582 1865 3651 insidet;
1889 3580 2042 3635 adde
2060 3598 2135 3635 ex
2154 3598 2271 3635 una
2298 3592 2463 3654 parte

319 3674 638 3745 tubicines,
667 3694 736 3731 ex
762 3676 940 3732 altera
959 3677 1204 3751 longum
1224 3690 1432 3752 agmen
1454 3674 1753 3732 clientium
1776 3683 1835 3728 et
1860 3671 2208 3742 amicorum,
2230 3674 2333 3747 qui
2354 3674 2465 3729 ho-

319 3765 484 3823 noris
513 3777 573 3823 et
607 3764 784 3821 officii
824 3786 996 3824 causa
1033 3767 1486 3843 triumphantem
1521 3764 1901 3831 antecedunt,
1935 3762 2191 3836 itemque
2222 3764 2471 3831 civium,

319 3858 426 3935 qui
455 3857 602 3913 albis
623 3857 816 3915 induti
845 3858 1104 3917 vestibus
1125 3878 1308 3933 equos
1337 3857 1751 3933 triumphalem
1778 3872 2017 3911 currum
2047 3856 2339 3913 trahentes
2358 3857 2475 3913 cir-

319 3949 694 4019 cumsistunt,
725 3966 990 4024 quosque
1029 3968 1160 4025 spes
1193 3952 1360 4007 obtin
1368 3951 1533 4009 endae
1576 3948 1857 4023 sportulae
1891 3966 1958 4005 ac
1998 3966 2373 4005 nummorum
2414 3949 2475 4005 in

320 4040 738 4117 triumphantis.
749 4060 1022 4099 crumena
1037 4044 1366 4115 latentium,
1389 4039 1635 4099 accivit:
1658 4058 1722 4097 ea
1737 4081 1757 4111 ,
1778 4037 2042 4114 inquam,
2060 4038 2255 4094 omnia
2277 4056 2475 4112 quam-

319 4135 412 4191 vis
442 4131 816 4193 Democritus
836 4134 920 4191 ‘in
963 4134 1156 4209 patria
1193 4154 1294 4192 suu
1333 4153 1460 4191 non
1495 4131 1757 4199 videret,
1798 4141 1993 4187 tamen
2033 4128 2323 4205 quidquid
2365 4130 2477 4203 ipsi
