3050 4884
830 373 1187 454 SATmA‘
1234 387 1622 455 DECIMA
1667 391 2062 475 QUINTA.
2392 383 2518 479 373

370 507 635 592 AEneae3
675 503 793 573 sed
828 529 1030 599 quem
1063 503 1331 575 valeant
1372 506 1674 576 emittere
1712 505 1960 578 dextrae

370 611 509 680 Illis
536 610 915 700 dissimiles,
960 628 1029 682 et
1061 629 1297 683 nostro
1327 627 1630 709 tempore
1666 630 1863 686 natae.

370 725 549 796 Nam
586 749 793 821 genus
833 726 968 795 hoc
1003 725 1160 795 vivo
1186 724 1329 821 jam
1362 726 1802 797 decrescebat
1827 730 2154 798 Homero.

370 835 583 904 Terra
606 832 817 904 malos
848 833 1157 904 homines
1184 859 1369 905 nunc
1400 834 1645 905 educat
1681 849 1884 930 atque
1916 833 2215 931 pusillos.
2452 875 2520 926 7⁰

368 947 553 1042 Ergo
576 949 795 1035 Deus,
834 947 1243 1042 quicumque
1271 945 1611 1042 adspexit,
1646 945 1818 1017 ridet
1843 961 1910 1016 et
1935 947 2102 1016 odit.

463 1059 527 1127 A
566 1053 975 1127 deverticulo
1013 1071 1355 1152 repetatur
1385 1053 1614 1125 fabula
1643 1081 1660 1126 ε
1697 1070 2054 1151 postquam

368 1165 701 1236 Subsidiis
740 1167 957 1256 aucti,
995 1191 1151 1262 pars
1188 1164 1401 1236 altera
1438 1191 1752 1260 promere
1790 1166 2055 1236 ferrum

372 1275 601 1345 Audet
618 1327 641 1361 ,
667 1289 735 1345 et
762 1275 1023 1347 infestis
1053 1301 1351 1373 pugnam
1380 1277 1752 1346 instaurare
1785 1277 2075 1372 sagittis3

368 1387 591 1481 Terga
612 1385 789 1482 fugae
816 1384 1015 1456 celeri
1047 1386 1517 1481 praestantibus
1547 1388 1861 1456 omnibus
1875 1440 1894 1472 ,
1930 1388 2182 1468 instant
2195 1441 2221 1475 2
2457 1405 2522 1474 75

370 1494 511 1584 Qui
536 1493 759 1564 vicina
785 1491 1026 1564 colunt
1048 1495 1385 1565 umbrosae
1410 1497 1708 1592 Tentyra
1729 1495 1990 1590 palmae.

372 1602 657 1671 Labitur
682 1602 843 1672 hinc
869 1603 1142 1699 quidam
1159 1655 1179 1690 ,
1215 1603 1425 1673 nimia
1454 1604 1822 1675 formidine
1857 1630 2128 1676 cursum

380 1711 841 1807 Praecipitans,
874 1714 1275 1808 capiturque
1300 1741 1320 1803 ;
1351 1731 1452 1786 ast
1472 1714 1662 1785 iilum
1688 1717 1761 1785 in
1787 1715 2079 1812 plurima
2100 1731 2350 1786 sectum

378 1826 433 1892 F
434 1838 619 1892 rusta
656 1838 725 1893 et
758 1817 1157 1918 pffiticulas,
1186 1840 1267 1895 ut
1295 1825 1525 1896 multis
1556 1842 1864 1898 mortuus
1894 1851 2069 1896 unus

377 1933 735 2004 sufficeret
748 1987 768 2022 ,
808 1949 1028 2004 toturn
1065 1933 1356 2006 corrosis
1391 1938 1650 2010 ossibus
1679 1937 1820 2006 edit
2465 1955 2533 2006 80

380 2043 644 2114 Victrix
674 2043 874 2112 turba
901 2067 918 2112 :
960 2068 1089 2114 nec
1118 2045 1385 2116 ardenti
1416 2046 1682 2116 decoxit
1705 2047 1930 2116 aheno.

384 2157 524 2223 Aut
554 2153 887 2242 verubus3
921 2151 1202 2248 longum
1226 2181 1439 2250 usque
1463 2155 1633 2225 adeo
1663 2156 2064 2249 tardumque
2089 2158 2353 2250 putavit

386 2265 785 2358 Exspectare
808 2263 1001 2334 focos
1016 2315 1035 2351 ,
1064 2279 1385 2334 contenta
1412 2263 1739 2335 cadavere
1769 2262 2014 2337 crudo!

390 2373 521 2444 Hic
556 2372 851 2468 gaudere
875 2370 1073 2458 libet,
1108 2374 1293 2468 quod
1320 2400 1461 2444 non
1487 2372 1844 2445 violaverit
1869 2375 2094 2470 ignem
2111 2430 2132 2463 ,

388 2485 614 2573 Quem
642 2505 903 2552 summa
930 2481 1075 2553 caeli
1104 2498 1373 2578 raptum
1404 2483 1489 2553 de
1516 2499 1706 2579 parte
1741 2487 2184 2555 Prometheus
2468 2507 2534 2559 85

384 2690 573 2748 femur
601 2692 961 2766 vulneravit3
1000 2694 1106 2753 sed
1142 2697 1337 2769 quales
1372 2694 1662 2772 projicere
1697 2696 1926 2752 valeant
1960 2713 2162 2751 manus
2202 2692 2323 2751 istis
2363 2694 2538 2768 longe

388 2783 643 2859 dispares
672 2796 730 2842 et
752 2785 1191 2858 inhecilliores,
1222 2787 1527 2845 hominum
1556 2805 1765 2861 nempe
1789 2784 1962 2858 hujus
1998 2785 2105 2841 aevi
2125 2807 2148 2850 :³
2172 2802 2305 2841 nam
2333 2802 2398 2841 ea
2429 2803 2536 2840 ro-

384 2876 693 2934 bustorum
710 2877 1013 2935 hominum
1034 2878 1207 2955 stirps
1229 2889 1289 2936 et
1309 2879 1470 2936 natio
1486 2879 1608 2953 jam
1629 2891 1752 2934 tum
1775 2877 2090 2951 incipiebat
2111 2876 2299 2933 minui
2313 2918 2330 2949 ,
2359 2895 2539 2951 quum

386 2969 677 3026 Homerus
710 2969 969 3040 viveret3
1008 2989 1165 3027 nunc
1204 2971 1475 3027 mortales
1510 2969 1680 3026 tellus
1712 2977 1982 3043 procreat
2017 2966 2237 3058 exiguae
2273 2978 2536 3036 staturae,

386 3081 609 3140 magnae
634 3061 1057 3138 improbitatis,
1082 3081 1230 3139 quos
1257 3082 1438 3139 quum
1466 3062 1681 3139 Superi
1697 3059 2050 3136 adspiciunt,
2081 3060 2276 3118 rident
2300 3061 2538 3119 illorum

389 3154 729 3212 tenuitatem
742 3195 761 3226 ,
798 3155 1159 3213 detestantur
1184 3154 1523 3230 nequitiam,

472 3265 565 3318 7²·
608 3246 731 3304 Sed
767 3246 847 3305 ad
882 3247 1275 3305 narrationem
1308 3246 1384 3302 ab
1422 3247 1530 3303 hac
1567 3245 1921 3330 digressione
1951 3244 2272 3303 redeamus.
2309 3247 2543 3302 Postea-

390 3357 564 3413 quam
582 3357 752 3395 novae
770 3339 951 3414 copiae
972 3339 1232 3396 subsidio
1249 3339 1613 3394 advenerunt
1626 3379 1643 3408 ,
1663 3337 1787 3394 ausi
1808 3348 1943 3394 sunt
1959 3335 2276 3413 Tentyritoe
2297 3336 2542 3393 educere

392 3431 615 3508 gladios
640 3431 705 3486 in
734 3431 992 3502 hostem,
1020 3429 1356 3507 sagittisque
1380 3429 1656 3506 conjectis
1687 3447 1942 3506 pugnam
1971 3428 2403 3506 redintegrare3
2434 3447 2544 3486 nec

394 3525 475 3582 ita
495 3526 684 3582 multo
706 3513 841 3600 post
863 3524 1121 3601 Coptitas
1146 3523 1213 3580 in
1238 3523 1434 3599 sugam
1454 3521 1668 3579 effusos
1686 3533 1960 3597 premunt
1980 3523 2191 3579 acriter
2213 3532 2271 3579 et
2295 3533 2540 3598 urgent:

396 3636 649 3693 quorum
674 3636 855 3688 unus,
888 3617 1028 3674 dum
1054 3635 1175 3692 prae
1200 3627 1360 3672 metu
1384 3614 1568 3671 nimio
1594 3631 1844 3696 propere
1873 3613 2064 3690 fugam
2093 3613 2328 3688 arripit,
2357 3613 2543 3684 cadit,

396 3709 913 3785 comprehenditur
926 3750 943 3780 ,
985 3715 1211 3765 secatur
1238 3727 1269 3764 a
1300 3706 1624 3764 victoribus
1648 3705 1712 3763 in
1740 3705 1922 3762 frusta
1937 3748 1955 3778 ,
1994 3717 2063 3762 ut
2103 3703 2224 3778 ejus
2253 3705 2544 3763 cadaveris

393 3801 737 3878 particulam
775 3799 991 3858 habere
1029 3799 1243 3876 singuli
1274 3809 1540 3875 possent,
1581 3798 1836 3874 denique
1873 3797 1952 3853 ita
1989 3798 2332 3870 comeditur,
2373 3809 2443 3855 ut
2471 3817 2548 3858 ne

398 3891 535 3967 ipsis
562 3892 799 3968 quidem
826 3893 1049 3951 ossibus
1080 3903 1368 3967 parcatur.
1408 3893 1614 3968 Neque
1643 3909 1789 3948 vero
1818 3891 2000 3960 illud,
2036 3902 2134 3948 aut
2167 3891 2411 3963 elixum,
2449 3903 2550 3950 aut

404 3995 621 4041 tostum
632 3983 1038 4055 comederunt3
1060 3984 1295 4060 longior
1314 3995 1399 4041 est
1413 3983 1552 4060 ipsis
1570 3983 1690 4039 visa
1709 3983 1974 4040 torrendi
1989 3994 2090 4039 aut
2109 3983 2242 4060 igne
2261 3985 2554 4058 coquendi

402 4075 698 4134 cadaveris
722 4095 930 4147 mora;
962 4075 1169 4134 crudas
1196 4095 1395 4134 carnes
1426 4075 1709 4134 devorare
1739 4074 1874 4132 satis
1899 4075 2009 4132 fuit
2036 4075 2136 4133 eis.
2177 4075 2325 4158 Inde
2353 4075 2434 4133 sas
2466 4089 2555 4134 est
2585 4094 2593 4102 ·

402 4169 616 4242 laetari,
650 4169 813 4245 quod
837 4167 1033 4246 ignem
1066 4187 1101 4223 a
1124 4169 1485 4226 Prometheo
1504 4189 1580 4228 ex
1607 4167 1820 4226 aethere
1849 4163 2104 4225 delatum
2128 4165 2192 4223 in
2223 4179 2405 4226 terras
2437 4165 2553 4226 tam
2579 4227 2592 4234 ,
