3050 4884
928 366 1287 434 SATmA
1318 317 1718 436 ‘DECIMA
1764 372 2192 456 QUARTA.
2507 379 2633 467 317

477 481 562 548 In
599 478 839 575 pelago
876 505 894 548 ε
928 482 1159 553 veniet
1194 482 1445 572 classis,
1490 511 1922 583 quocumque
1953 493 2214 560 vocarit

474 593 641 684 Spes
672 587 877 678 lucri,
915 615 1041 660 nec
1074 594 1523 687 Carpathium
1558 597 1958 693 Gaetulaque
1991 615 2254 671 tantum

480 701 782 794 AEquora
810 698 1180 790 transiliet;
1214 701 1365 792 sed,
1405 703 1610 799 longe
1638 705 1852 801 Calpe
1879 707 2144 798 relicta,

475 810 729 881 Audiet
752 810 1089 880 Herculeo
1118 813 1509 884 stridentem
1538 816 1807 911 gurgite
1833 818 2064 890 solem.
2534 837 2638 890 280

478 920 753 990 Grande
786 945 1013 1016 operae
1050 923 1341 1017 pretium
1376 939 1509 1012 est,
1551 941 1628 996 ut
1661 941 1848 997 tenso
1883 927 2042 999 folle
2070 933 2320 1002 reverti

475 1030 643 1099 Inde
668 1030 949 1100 domum
978 1033 1193 1125 possis
1208 1085 1227 1118 ‚
1266 1034 1662 1129 tumidaque
1695 1039 2020 1132 superbus
2048 1039 2228 1112 aluta
2245 1093 2267 1128 ‚

475 1141 730 1210 Oceani
765 1157 1103 1233 monstra,
1141 1159 1209 1214 et
1230 1143 1521 1238 juvenes
1547 1145 1790 1215 vidisse
1818 1148 2140 1218 marinos.

572 1251 735 1321 Non
770 1277 948 1322 unus
978 1269 1239 1324 mentes
1270 1255 1484 1351 agitat
1510 1256 1706 1326 furor
1734 1282 1752 1326 ε
1785 1255 1898 1326 ille
1924 1259 2178 1329 sororis

475 1361 559 1428 In
593 1363 906 1434 manibus
932 1362 1124 1434 vultu
1150 1366 1608 1438 Eumenidum
1637 1383 1930 1438 terretur
1957 1384 2027 1438 et
2051 1370 2229 1466 igni:
2531 1385 2633 1440 285

474 1469 608 1541 Hic
637 1473 811 1543 bove
843 1501 1161 1570 percusso
1193 1479 1459 1575 mugire
1490 1479 2008 1575 Agamemnona
2035 1481 2256 1551 credit
2278 1534 2298 1570 ,

472 1581 615 1651 Aut
637 1583 991 1654 Ithacum:
1020 1600 1257 1681 parcat
1282 1587 1527 1657 tunicis
1556 1585 1714 1658 licet
1740 1605 1946 1684 atque
1971 1587 2288 1679 lacernis5

476 1693 826 1763 Curatoris
850 1710 1035 1790 eget,
1064 1698 1185 1792 qui
1215 1722 1453 1768 navem
1482 1701 1820 1771 mercibus
1850 1702 2086 1798 implet

472 1802 579 1871 Ad
610 1828 945 1875 summum
979 1804 1153 1878 latus
1172 1861 1192 1897 ,
1236 1823 1303 1878 et
1334 1806 1564 1879 tabula
1595 1810 2034 1909 distinguitur
2068 1812 2289 1901 unda3

474 1913 705 2002 Quum
730 1915 816 1985 sit
845 1942 1075 1988 caussa
1098 1917 1254 1987 mali
1282 1921 1454 1991 tanti
1480 1936 1549 1991 et
1573 1921 1978 1992 discriminis
2011 1925 2213 2019 hujus
2527 1962 2632 2013 290

477 2024 840 2094 Concisum
874 2042 1227 2122 argentum
1252 2029 1325 2097 in
1354 2028 1585 2100 titulos
1609 2031 1948 2128 faciesque
1975 2034 2286 2104 minutas.

570 2135 963 2206 Occurrunt
996 2139 1211 2211 nubes
1246 2155 1317 2209 et
1346 2138 1657 2236 fulgura:
1692 2170 1726 2207 α
1745 2140 1998 2214 Solvite
2033 2142 2301 2231 funem,

476 2245 825 2318 Frumenti
857 2246 1171 2318 dominus
1201 2248 1441 2320 clamat
1470 2251 1854 2346 piperisque
1879 2253 2167 2339 coemti3

476 2499 850 2574 Carpathium
876 2512 976 2557 aut
999 2501 1336 2558 Africanum
1372 2504 1680 2577 pervolant
1706 2522 1865 2561 mare
1881 2545 1900 2576 ,
1927 2505 2032 2562 sed
2063 2515 2221 2561 trans
2255 2506 2428 2562 etiam
2457 2525 2630 2564 mon-

472 2605 591 2649 tem
618 2594 821 2668 Calpes
849 2604 1155 2668 penetrant
1176 2634 1193 2665 ‚
1220 2594 1501 2651 auditurae
1541 2595 1855 2653 stridorem
1891 2597 2030 2652 solis
2067 2615 2303 2652 currum
2339 2597 2628 2656 Gaditano

475 2685 622 2740 mari
641 2687 971 2762 mergentis.
994 2685 1229 2744 Scilicet
1258 2687 1532 2744 omnibus
1557 2705 1750 2761 operae
1767 2687 2023 2762 pretium
2045 2697 2133 2743 est
2162 2689 2383 2744 Oceani
2407 2689 2631 2747 belluas

474 2786 535 2832 et
560 2776 831 2834 Tritones
848 2777 1062 2836 vidisse
1078 2820 1095 2848 ‚
1118 2778 1279 2836 unde
1302 2778 1544 2835 domum
1563 2778 1806 2836 redeant
1821 2778 2118 2853 marsupio
2138 2780 2332 2836 numis
2353 2779 2629 2854 distento,

474 2885 541 2924 ac
562 2867 744 2926 divite
764 2869 961 2945 praeda
975 2870 1230 2946 superbi.

556 2959 693 3028 284.
735 2961 1013 3019 Homines
1048 2960 1146 3018 alii
1180 2961 1289 3018 alia
1322 2961 1592 3017 laborant
1634 2961 1870 3018 insania.
1915 2963 2020 3019 Est
2053 2962 2156 3038 qui
2188 2961 2348 3019 taedis
2387 2975 2632 3022 armatas

478 3065 535 3110 et
563 3054 812 3112 minaces
840 3054 1040 3112 Furias
1068 3053 1270 3112 videre
1292 3054 1405 3111 sihi
1424 3053 1694 3110 videatur
1715 3053 1779 3111 in
1808 3055 2028 3112 sororis
2054 3045 2450 3113 amantissimae
2472 3051 2632 3114 'com-

477 3147 688 3222 plexu3
721 3157 807 3202 est
834 3148 937 3222 qni
955 3188 972 3216 ‚
1012 3147 1154 3204 dum
1176 3147 1357 3204 boves
1390 3157 1452 3203 et
1477 3145 1730 3220 pecudes
1755 3144 1995 3224 flagellis
2024 3148 2223 3220 caedit,
2271 3159 2437 3224 putet
2466 3171 2528 3208 se
2565 3151 2630 3208 in

476 3241 969 3316 Agamemnonem
990 3240 1213 3312 saevire,
1240 3251 1341 3296 aut
1355 3241 1646 3314 Ulyssem.
1677 3239 1958 3308 Quamvis
1985 3259 2192 3296 avarus
2213 3251 2396 3298 vestes
2422 3241 2628 3299 furiosi

480 3352 647 3392 more
680 3352 804 3391 non
838 3333 1166 3406 discindat,
1208 3349 1334 3390 non
1370 3333 1562 3389 minus
1591 3343 1784 3388 tamen
1819 3343 2088 3390 curatore
2127 3332 2325 3405 aliquo
2367 3333 2627 3410 indiget,

477 3444 651 3501 quam
679 3426 781 3502 qui
806 3428 999 3503 palam
1026 3427 1357 3496 insaniunt,
1400 3425 1543 3483 dum
1569 3425 1860 3482 mercibus
1894 3436 2078 3482 ratem
2095 3425 2313 3499 'implet
2345 3443 2530 3500 usque
2553 3427 2629 3484 ad

478 3529 759 3576 extremas
786 3518 909 3592 ejus
942 3537 1071 3575 oras
1090 3560 1108 3590 ,
1146 3528 1205 3576 et
1238 3517 1413 3574 unius
1440 3517 1680 3588 asseris,
1726 3537 1846 3592 quo
1873 3527 2169 3592 compacta
2189 3516 2352 3572 navis
2380 3529 2494 3591 est,
2533 3519 2629 3576 in-

478 3609 756 3680 tervallo,
802 3609 1017 3667 amari
1058 3621 1119 3666 et
1158 3621 1351 3667 morte
1393 3620 1729 3685 separatur3
1781 3627 1960 3683 quum
1995 3607 2073 3663 ad
2111 3617 2230 3662 tam
2260 3607 2490 3667 exitiale
2523 3629 2628 3686 pe—

474 3700 725 3757 riculum
755 3700 1089 3758 adeundum
1114 3718 1239 3757 non
1274 3701 1385 3758 alia
1410 3700 1744 3777 impellatur
1771 3719 1992 3772 caussa,
2031 3717 2208 3775 quam
2239 3711 2306 3756 ut
2335 3701 2625 3778 signatum

476 3792 659 3850 titulis
685 3793 1059 3870 vultibusque
1086 3793 1326 3851 minutis
1360 3805 1670 3870 argentum
1695 3793 1760 3849 in
1791 3793 2016 3850 loculos
2041 3792 2327 3851 demittat.

558 3903 693 3960 292.
734 3886 981 3961 Cogitur
1001 3886 1065 3942 in
1090 3886 1307 3943 nubem
1331 3905 1431 3945 aer
1453 3887 1726 3944 turbidus
1742 3929 1760 3959 ,
1785 3887 2036 3944 emicant
2062 3886 2330 3964 fulgura:
2359 3886 2631 3944 inclamat

476 3975 853 4037 nihilominus
895 3989 1187 4036 mercator
1224 3989 1453 4050 nautas,
1504 3991 1574 4036 ut
1619 3989 1886 4036 onustam
1927 3977 2125 4035 tritico
2173 3987 2232 4034 et
2270 3976 2472 4053 pipere
2523 3998 2630 4035 suo

476 4066 671 4123 navim
696 4087 730 4125 e
748 4079 962 4144 portu,
991 4071 1186 4126 soluto
1213 4069 1387 4140 fune,
1422 4071 1754 4146 provehant
1773 4069 1838 4125 in
1863 4069 2044 4125 altum
2074 4089 2088 4124 :
2124 4070 2213 4126 Ne
2241 4087 2375 4135 vos,
2411 4068 2628 4142 inquit,

480 4169 605 4218 atra
624 4161 749 4220 caeli
764 4161 959 4236 facies,
980 4173 1081 4220 aut
1098 4162 1283 4222 nubes
1298 4161 1493 4222 lividae
1508 4201 1525 4235 ,
1550 4181 1680 4240 quae
1702 4163 1902 4220 mlum
1921 4161 2105 4218 instar
2128 4161 2312 4218 fasciae
2333 4161 2628 4236 ambiunt,
