3050 4884
556 411 682 479 308
1105 412 1185 476 D.
1245 409 1521 477 IUNII
1579 409 2149 476 IUVENALIS

552 530 719 598 Mox
744 524 1136 622 acquirendi
1164 526 1378 596 docet
1392 523 1762 599 insatiabile
1790 539 2044 592 votum.
2609 537 2707 590 ηδ

548 643 917 710 Servorum
942 651 1207 707 ventres
1230 635 1462 705 modio
1494 635 1773 730 castigat
1799 635 2070 729 iniqu0,
2687 655 2693 666 ·

548 751 703 844 lpse
723 771 992 842 quoque
1011 747 1344 816 esuriens:
1368 770 1592 840 neque
1617 747 1798 814 enim
1824 747 2052 814 omnia
2077 745 2362 816 sustinet
2383 767 2706 838 umquam

550 856 831 927 Mucida
866 854 1127 930 eaerulei
1165 856 1357 951 panis
1394 881 1796 930 consumere
1825 856 2073 944 frusta,

552 971 961 1037 Hesternum
990 965 1220 1036 solitus
1252 965 1483 1036 medio
1514 990 1785 1036 servare
1810 965 2098 1037 minutal

549 1077 933 1171 Septembri
965 1101 983 1144 :
1022 1099 1153 1144 nec
1186 1099 1329 1144 non
1360 1073 1638 1146 differre
1675 1077 1748 1144 in
1785 1091 2096 1172 tempora
2122 1101 2326 1147 coenae
2579 1091 2712 1146 ,ι3ο

546 1185 843 1256 Alterius
874 1186 1205 1256 conchem
1237 1185 1534 1282 aestivam
1563 1209 1720 1254 eum
1747 1202 1942 1281 parte
1967 1186 2200 1256 lacerti

546 1296 925 1390 Signatam‚
967 1293 1071 1365 vel
1100 1293 1382 1363 dimidio
1408 1295 1730 1390 putrique
1755 1295 1963 1365 siluro
1984 1349 2004 1384 ‚

547 1407 821 1502 Filaque
848 1400 1085 1478 sectivi
1109 1419 1459 1507 numerata
1486 1402 1833 1473 includere
1862 1405 2072 1497 porri.

549 1518 881 1587 Invitatus
914 1516 998 1584 ad
1035 1517 1183 1586 haec
1220 1514 1463 1609 aliquis
1496 1514 1580 1582 de
1607 1529 1816 1607 ponte
1848 1513 2139 1609 negabit.
2184 1513 2192 1521 ’

548 1627 685 1698 Sed
712 1652 849 1721 quo
881 1625 1146 1694 divitias
1178 1627 1325 1694 haec
1358 1625 1484 1717 per
1516 1637 1854 1693 tormenta
1882 1637 2175 1708 coacta,
2609 1637 2708 1692 135

550 1737 786 1826 Quum
815 1737 1008 1807 furor
1041 1735 1223 1805 haud
1253 1735 1534 1821 dubius,
1571 1759 1785 1830 quum
1811 1735 1900 1802 sit
1927 1732 2285 1804 manifesta
2314 1735 2688 1829 phrenesiS,

550 1851 649 1918 Ut
682 1846 975 1941 locuples
1010 1845 1357 1934 moriaris,
1394 1843 1653 1940 egentis
1689 1845 1918 1913 vivere
1954 1842 2143 1912 fato?

553 1963 819 2028 Interea
842 1956 1055 2051 pleno
1084 1980 1295 2050 quum
1326 1969 1556 2050 turget
1582 1952 1892 2024 sacculus
1921 1977 2075 2040 ore,

551 2069 810 2141 Crescit
844 2091 1036 2136 amor
1067 2067 1291 2152 numi,
1318 2065 1650 2159 quantum
1686 2065 1832 2157 ipsa
1861 2064 2155 2159 pecunia
2186 2063 2431 2153 crevit3

552 2181 640 2247 Et
666 2178 892 2246 minus
914 2175 1092 2244 hanc
1130 2189 1353 2268 optat,
1382 2175 1503 2268 qui
1532 2198 1673 2243 non
1703 2173 1952 2243 habet:
1995 2197 2155 2268 ergo
2183 2189 2460 2269 paratur
2613 2197 2716 2254 140

554 2445 885 2504 rudimenta
923 2455 1060 2502 sunt
1099 2447 1383 2503 nonnulla
1405 2487 1423 2517 ,
1466 2443 1681 2520 quihus
1721 2442 1940 2500 tirones
1989 2441 2275 2517 auspicari
2316 2440 2532 2498 debent
2550 2481 2568 2513 ,
2613 2441 2714 2498 dat

552 2538 823 2613 protinus
855 2556 1092 2614 operam
1129 2557 1336 2596 avarus
1376 2545 1578 2614 pater,
1616 2546 1686 2592 ut
1720 2534 1830 2592 filii
1867 2545 2093 2602 mamre
2128 2533 2400 2591 omnibus
2435 2533 2584 2592 lucri
2617 2553 2714 2592 ar-

554 2630 707 2687 tibus
754 2629 1235 2704 documentisque
1274 2629 1487 2688 imbuti
1502 2670 1522 2700 ,
1582 2629 1680 2685 vel
1730 2625 2004 2684 minimos
2058 2623 2411 2683 conficiendi
2459 2637 2710 2701 quaestus

550 2722 761 2780 modos
784 2721 1040 2780 ediscere
1066 2733 1384 2798 cogantur3
1422 2739 1563 2778 mox
1593 2705 1810 2777 excitat
1843 2720 1908 2774 in
1934 2737 2140 2776 eorum
2173 2717 2378 2776 animis
2410 2719 2710 2777 insatiabi-

440 2817 451 2832 ⁰
550 2817 666 2872 lem
708 2814 1049 2891 acquirendi
1085 2825 1145 2873 et
1181 2815 1437 2900 habendi
1478 2813 1876 2889 cupiditatem.
1919 2813 2240 2872 Servorum
2275 2823 2514 2870 ventres
2551 2813 2712 2889 quasi

552 2907 888 2982 comprimit
908 2949 927 2978 ,
961 2905 1221 2964 triticum
1249 2906 1427 2982 ipsis,
1465 2907 1696 2963 minore
1738 2925 1914 2980 quam
1955 2922 2184 2980 aequum
2223 2914 2337 2974 est,
2369 2905 2572 2962 modio
2605 2905 2712 2962 ad-

552 2998 821 3068 metiens,
851 3009 911 3055 et
930 3000 1054 3073 ipse
1081 3016 1321 3073 quoque
1338 2998 1491 3055 fame
1511 2998 1735 3073 pariter
1754 2999 2011 3068 lahorat3
2041 3015 2234 3072 neque
2263 2997 2420 3054 enim
2445 2997 2577 3054 satis
2599 2997 2712 3056 sibi

554 3093 843 3167 imperare
870 3102 1063 3166 potest
1100 3111 1377 3168 umqua-
1394 3134 1412 3164 ,
1455 3104 1525 3148 ut
1563 3091 1764 3148 omnia
1787 3091 2030 3148 frustula
2069 3091 2301 3148 caemlei
2343 3092 2422 3148 ob
2463 3091 2706 3150 mucidi-

554 3195 731 3240 tatem
764 3183 927 3258 panis
956 3183 1221 3240 comedat
1233 3204 1252 3254 3
1282 3185 1648 3258 pulmentum
1671 3203 1704 3240 e
1725 3183 1872 3240 cibis
1897 3183 2228 3241 minutatim
2255 3183 2494 3240 concisis
2521 3182 2714 3258 pridie

553 3285 821 3351 paratum
835 3293 901 3331 ac
916 3274 1231 3331 deiibatum
1248 3316 1265 3346 ,
1284 3273 1464 3332 medii
1476 3273 1630 3332 inter
1648 3274 1910 3331 fervores
1924 3275 2293 3350 septembris,
2313 3291 2544 3331 servare
2561 3277 2714 3333 solet

555 3369 618 3424 in
657 3375 991 3441 sequentem
1026 3365 1181 3422 diem
1218 3387 1233 3421 ε
1270 3365 1537 3422 fabarum
1574 3385 1708 3423 cum
1745 3385 1852 3424 suo
1883 3378 2180 3424 coctarum
2211 3365 2506 3442 putamine
2520 3408 2538 3437 ,
2569 3367 2710 3424 item

553 3459 721 3516 siluri
747 3457 1020 3515 lacertive
1044 3455 1163 3530 jam
1191 3458 1476 3531 putentis,
1514 3469 1737 3532 partes,
1771 3476 1891 3514 una
1923 3477 2086 3515 eoena
2117 3458 2345 3516 relictas
2379 3458 2612 3533 reponit
2647 3460 2711 3516 iu

554 3553 794 3610 alteram
826 3567 1041 3606 coenam
1057 3591 1076 3622 ,
1112 3566 1293 3624 eaque
1320 3549 1515 3606 omnia
1543 3549 1863 3626 diligenter
1880 3549 2074 3624 sigillo
2101 3567 2210 3606 suo
2231 3549 2454 3606 munita
2475 3551 2709 3624 condit,

556 3661 689 3700 cum
721 3641 834 3698 fitis
860 3641 1033 3716 porr‘r
1051 3639 1295 3710 sectilis,
1330 3660 1584 3715 quorum
1612 3660 1920 3698 numerum
1951 3653 2216 3698 accurate
2243 3642 2546 3699 recensuit.
2583 3645 2709 3700 Ro-

554 3744 723 3811 gator
744 3732 808 3788 iu
825 3732 1103 3807 pontibus
1128 3731 1459 3791 mendicare
1488 3731 1691 3789 solitus
1706 3775 1723 3803 ,
1753 3733 1829 3789 ad
1851 3731 2138 3806 ejusmodi
2167 3742 2405 3789 vocatus
2433 3733 2712 3808 obsonia,

554 3825 755 3882 venire
785 3836 1093 3882 recusaret.
1136 3825 1257 3884 sed
1292 3824 1437 3900 quid
1474 3834 1753 3901 prosunt,
1793 3842 1830 3881 o
1867 3843 2070 3896 avare,
2109 3823 2329 3881 divitiae
2353 3843 2472 3902 per
2506 3835 2596 3882 tot
2625 3826 2712 3881 la-

553 3917 728 3974 bores
772 3926 831 3974 et
872 3917 1114 3974 sudores
1160 3928 1444 3995 congestae
1460 3959 1477 3988 ,
1516 3935 1700 3993 quum
1736 3917 1812 3974 sis
1851 3935 1995 3976 vero
2032 3916 2234 3974 furore
2253 3957 2271 3989 ‚
2308 3936 2375 3976 ac
2411 3919 2710 3978 manifesta

550 4007 821 4087 phrenesi
854 4021 1157 4084 correptus
1179 4051 1197 4081 ,
1242 4011 1345 4086 qui
1383 4011 1547 4066 vivas
1589 4029 1756 4068 more
1799 4008 2054 4067 mendici
2072 4051 2090 4080 ,
2129 4021 2198 4066 ut
2233 4011 2502 4068 moriaris
2543 4014 2708 4070 locu-

553 4101 720 4179 ples?
768 4099 1013 4157 Interim
1057 4100 1165 4157 etsi
1194 4119 1471 4160 crumena
1503 4101 1698 4158 numis
1735 4101 1980 4158 distenta
2031 4112 2286 4179 turgeat,
2329 4103 2710 4164 nihilominus

553 4191 885 4250 divitiarum
910 4189 1109 4246 insana
1142 4189 1425 4266 cupiditas
1452 4201 1678 4250 tantum
1704 4191 1942 4264 crescit,
1969 4203 2252 4270 quantum
2270 4193 2404 4270 ‘ipsa
2431 4195 2707 4271 pecunia,
