<?xml version="1.0" encoding="UTF-8"?>
<!DOCTYPE html PUBLIC "-//W3C//DTD XHTML 1.0 Transitional//EN"
    "http://www.w3.org/TR/xhtml1/DTD/xhtml1-transitional.dtd">
<html xmlns="http://www.w3.org/1999/xhtml" xml:lang="en" lang="en">
 <head>
  <title>
</title>
<meta http-equiv="Content-Type" content="text/html;charset=utf-8" />
  <meta name='ocr-system' content='tesseract 3.04.00' />
  <meta name='ocr-capabilities' content='ocr_page ocr_carea ocr_par ocr_line ocrx_word'/>
</head>
<body>
  <div class='ocr_page' id='page_1' title='image "./djuniijuvenalis00jouvgoog/djuniijuvenalis00jouvgoog_0306.png"; bbox 0 0 3050 4884; ppageno 0'>
   <div class='ocr_carea' id='block_1_1' title="bbox 354 405 2476 436">
    <p class='ocr_par' dir='ltr' id='par_1_1' title="bbox 354 405 2476 436">
     <span class='ocr_line' id='line_1_1' title="bbox 354 405 2476 436; baseline 0.004 -10"><span class='ocrx_word' id='word_1_1' title='bbox 354 405 1549 428; x_wconf 62' lang='lat' dir='ltr'><strong>mmmmm</strong></span> <span class='ocrx_word' id='word_1_2' title='bbox 1554 405 1737 429; x_wconf 62' lang='lat' dir='ltr'><strong>m</strong></span> <span class='ocrx_word' id='word_1_3' title='bbox 1741 411 1921 432; x_wconf 55' lang='lat' dir='ltr'><strong>mm</strong></span> <span class='ocrx_word' id='word_1_4' title='bbox 1926 409 2012 434; x_wconf 58' lang='lat' dir='ltr'><strong>w-</strong></span> <span class='ocrx_word' id='word_1_5' title='bbox 2018 413 2476 436; x_wconf 59' lang='lat' dir='ltr'><strong>mmmm</strong></span> 
     </span>
    </p>
   </div>
   <div class='ocr_carea' id='block_1_2' title="bbox 408 671 2434 824">
    <p class='ocr_par' dir='ltr' id='par_1_2' title="bbox 408 671 2434 824">
     <span class='ocr_line' id='line_1_2' title="bbox 408 671 2434 824; baseline 0 -34"><span class='ocrx_word' id='word_1_6' title='bbox 408 671 1009 792; x_wconf 85' lang='lat' dir='ltr'><strong>SATIRA</strong></span> <span class='ocrx_word' id='word_1_7' title='bbox 1054 671 1690 790; x_wconf 78' lang='lat' dir='ltr'><strong>DECIMA</strong></span> <span class='ocrx_word' id='word_1_8' title='bbox 1733 675 2434 824; x_wconf 85' lang='lat' dir='ltr'><strong>QUARTA.</strong></span> 
     </span>
    </p>
   </div>
   <div class='ocr_carea' id='block_1_3' title="bbox 344 1165 2502 2714">
    <p class='ocr_par' dir='ltr' id='par_1_3' title="bbox 349 1165 2182 1290">
     <span class='ocr_line' id='line_1_3' title="bbox 349 1165 2182 1290; baseline 0 -26"><span class='ocrx_word' id='word_1_9' title='bbox 349 1165 421 1264; x_wconf 84' lang='lat' dir='ltr'>P</span> <span class='ocrx_word' id='word_1_10' title='bbox 424 1217 703 1265; x_wconf 59' lang='lat' dir='ltr'><strong>Ltmma</strong></span> <span class='ocrx_word' id='word_1_11' title='bbox 742 1207 931 1281; x_wconf 87' lang='lat' dir='ltr'><strong>sunt,</strong></span> <span class='ocrx_word' id='word_1_12' title='bbox 974 1194 1292 1282; x_wconf 87' lang='lat' dir='ltr'><strong>Fuscine,</strong></span> <span class='ocrx_word' id='word_1_13' title='bbox 1326 1209 1392 1264; x_wconf 83' lang='lat' dir='ltr'><strong>et</strong></span> <span class='ocrx_word' id='word_1_14' title='bbox 1428 1195 1608 1264; x_wconf 88' lang='lat' dir='ltr'><strong>fama</strong></span> <span class='ocrx_word' id='word_1_15' title='bbox 1640 1194 1844 1290; x_wconf 84' lang='lat' dir='ltr'><strong>digna</strong></span> <span class='ocrx_word' id='word_1_16' title='bbox 1879 1197 2182 1284; x_wconf 87' lang='lat' dir='ltr'><strong>sinistra,</strong></span> 
     </span>
    </p>

    <p class='ocr_par' dir='ltr' id='par_1_4' title="bbox 346 1303 2011 1401">
     <span class='ocr_line' id='line_1_4' title="bbox 346 1303 2011 1401; baseline 0.001 -29"><span class='ocrx_word' id='word_1_17' title='bbox 346 1307 437 1372; x_wconf 86' lang='lat' dir='ltr'><strong>Et</strong></span> <span class='ocrx_word' id='word_1_18' title='bbox 466 1303 696 1374; x_wconf 84' lang='lat' dir='ltr'><strong>nitidis</strong></span> <span class='ocrx_word' id='word_1_19' title='bbox 732 1303 1065 1374; x_wconf 83' lang='lat' dir='ltr'><strong>maculam</strong></span> <span class='ocrx_word' id='word_1_20' title='bbox 1098 1306 1431 1375; x_wconf 82' lang='lat' dir='ltr'><strong>haesuram</strong></span> <span class='ocrx_word' id='word_1_21' title='bbox 1465 1305 1738 1401; x_wconf 85' lang='lat' dir='ltr'><strong>figentia</strong></span> <span class='ocrx_word' id='word_1_22' title='bbox 1770 1309 1970 1376; x_wconf 89' lang='lat' dir='ltr'><strong>rebus</strong></span> <span class='ocrx_word' id='word_1_23' title='bbox 1989 1359 2011 1392; x_wconf 89' lang='lat'><strong>,</strong></span> 
     </span>
    </p>

    <p class='ocr_par' dir='ltr' id='par_1_5' title="bbox 347 1413 2170 1510">
     <span class='ocr_line' id='line_1_5' title="bbox 347 1413 2170 1510; baseline 0.002 -29"><span class='ocrx_word' id='word_1_24' title='bbox 347 1413 515 1500; x_wconf 85' lang='lat' dir='ltr'><strong>Quae</strong></span> <span class='ocrx_word' id='word_1_25' title='bbox 550 1428 930 1482; x_wconf 85' lang='lat' dir='ltr'><strong>monstrant</strong></span> <span class='ocrx_word' id='word_1_26' title='bbox 964 1415 1091 1508; x_wconf 86' lang='lat' dir='ltr'><strong>ipsi</strong></span> <span class='ocrx_word' id='word_1_27' title='bbox 1128 1416 1362 1509; x_wconf 88' lang='lat' dir='ltr'><strong>pueris</strong></span> <span class='ocrx_word' id='word_1_28' title='bbox 1401 1414 1810 1510; x_wconf 87' lang='lat' dir='ltr'><strong>traduntque</strong></span> <span class='ocrx_word' id='word_1_29' title='bbox 1846 1431 2170 1510; x_wconf 83' lang='lat' dir='ltr'><strong>parenteS.</strong></span> 
     </span>
    </p>

    <p class='ocr_par' dir='ltr' id='par_1_6' title="bbox 344 1523 1994 1619">
     <span class='ocr_line' id='line_1_6' title="bbox 344 1523 1994 1619; baseline 0.001 -25"><span class='ocrx_word' id='word_1_30' title='bbox 344 1525 419 1594; x_wconf 89' lang='lat' dir='ltr'><strong>Si</strong></span> <span class='ocrx_word' id='word_1_31' title='bbox 444 1523 765 1593; x_wconf 84' lang='lat' dir='ltr'><strong>damnosa</strong></span> <span class='ocrx_word' id='word_1_32' title='bbox 800 1548 1030 1593; x_wconf 89' lang='lat' dir='ltr'><strong>senem</strong></span> <span class='ocrx_word' id='word_1_33' title='bbox 1056 1525 1249 1619; x_wconf 87' lang='lat' dir='ltr'><strong>juvat</strong></span> <span class='ocrx_word' id='word_1_34' title='bbox 1280 1524 1450 1614; x_wconf 90' lang='lat' dir='ltr'><strong>alea,</strong></span> <span class='ocrx_word' id='word_1_35' title='bbox 1490 1524 1665 1594; x_wconf 87' lang='lat' dir='ltr'><strong>ludit</strong></span> <span class='ocrx_word' id='word_1_36' title='bbox 1699 1542 1766 1595; x_wconf 86' lang='lat' dir='ltr'><strong>et</strong></span> <span class='ocrx_word' id='word_1_37' title='bbox 1799 1527 1994 1596; x_wconf 88' lang='lat' dir='ltr'><strong>heres</strong></span> 
     </span>
    </p>

    <p class='ocr_par' dir='ltr' id='par_1_7' title="bbox 348 1633 2496 1842">
     <span class='ocr_line' id='line_1_7' title="bbox 348 1633 2496 1728; baseline 0.004 -26"><span class='ocrx_word' id='word_1_38' title='bbox 348 1633 677 1721; x_wconf 84' lang='lat' dir='ltr'><strong>BullatuS,</strong></span> <span class='ocrx_word' id='word_1_39' title='bbox 702 1637 1057 1728; x_wconf 77' lang='lat' dir='ltr'><strong>&#39;parvoque</strong></span> <span class='ocrx_word' id='word_1_40' title='bbox 1088 1635 1321 1704; x_wconf 88' lang='lat' dir='ltr'><strong>eadem</strong></span> <span class='ocrx_word' id='word_1_41' title='bbox 1353 1649 1579 1706; x_wconf 88' lang='lat' dir='ltr'><strong>movet</strong></span> <span class='ocrx_word' id='word_1_42' title='bbox 1610 1661 1796 1705; x_wconf 89' lang='lat' dir='ltr'><strong>arma</strong></span> <span class='ocrx_word' id='word_1_43' title='bbox 1829 1635 2086 1706; x_wconf 84' lang='lat' dir='ltr'><strong>fritillo.</strong></span> <span class='ocrx_word' id='word_1_44' title='bbox 2468 1659 2496 1710; x_wconf 85' lang='lat'><em>5</em></span> 
     </span>
     <span class='ocr_line' id='line_1_8' title="bbox 348 1743 2062 1842; baseline -0.001 -26"><span class='ocrx_word' id='word_1_45' title='bbox 348 1746 497 1816; x_wconf 89' lang='lat' dir='ltr'><strong>Nec</strong></span> <span class='ocrx_word' id='word_1_46' title='bbox 532 1743 764 1814; x_wconf 87' lang='lat' dir='ltr'><strong>melius</strong></span> <span class='ocrx_word' id='word_1_47' title='bbox 800 1744 884 1813; x_wconf 92' lang='lat' dir='ltr'><strong>de</strong></span> <span class='ocrx_word' id='word_1_48' title='bbox 920 1770 991 1814; x_wconf 90' lang='lat' dir='ltr'><strong>se</strong></span> <span class='ocrx_word' id='word_1_49' title='bbox 1028 1746 1343 1840; x_wconf 89' lang='lat' dir='ltr'><strong>cuiquam</strong></span> <span class='ocrx_word' id='word_1_50' title='bbox 1371 1770 1645 1840; x_wconf 84' lang='lat' dir='ltr'><strong>sperare</strong></span> <span class='ocrx_word' id='word_1_51' title='bbox 1673 1747 2062 1842; x_wconf 87' lang='lat' dir='ltr'><strong>propinquo</strong></span> 
     </span>
    </p>

    <p class='ocr_par' dir='ltr' id='par_1_8' title="bbox 349 1854 1977 1950">
     <span class='ocr_line' id='line_1_9' title="bbox 349 1854 1977 1950; baseline 0 -25"><span class='ocrx_word' id='word_1_52' title='bbox 349 1854 694 1925; x_wconf 86' lang='lat' dir='ltr'><strong>Concedet</strong></span> <span class='ocrx_word' id='word_1_53' title='bbox 712 1855 1017 1949; x_wconf 88' lang='lat' dir='ltr'><strong>juvenis,</strong></span> <span class='ocrx_word' id='word_1_54' title='bbox 1055 1856 1173 1950; x_wconf 90' lang='lat' dir='ltr'><strong>qui</strong></span> <span class='ocrx_word' id='word_1_55' title='bbox 1204 1854 1439 1923; x_wconf 90' lang='lat' dir='ltr'><strong>radere</strong></span> <span class='ocrx_word' id='word_1_56' title='bbox 1472 1857 1712 1925; x_wconf 86' lang='lat' dir='ltr'><strong>tubera</strong></span> <span class='ocrx_word' id='word_1_57' title='bbox 1744 1869 1977 1944; x_wconf 83' lang='lat' dir='ltr'><strong>terrae,</strong></span> 
     </span>
    </p>

    <p class='ocr_par' dir='ltr' id='par_1_9' title="bbox 351 1964 1918 2059">
     <span class='ocr_line' id='line_1_10' title="bbox 351 1964 1918 2059; baseline 0.001 -25"><span class='ocrx_word' id='word_1_58' title='bbox 351 1964 658 2035; x_wconf 92' lang='lat' dir='ltr'><strong>Boletum</strong></span> <span class='ocrx_word' id='word_1_59' title='bbox 696 1966 1008 2054; x_wconf 87' lang='lat' dir='ltr'><strong>condire,</strong></span> <span class='ocrx_word' id='word_1_60' title='bbox 1051 1980 1117 2034; x_wconf 80' lang='lat' dir='ltr'><strong>et</strong></span> <span class='ocrx_word' id='word_1_61' title='bbox 1150 1965 1386 2034; x_wconf 88' lang='lat' dir='ltr'><strong>eodem</strong></span> <span class='ocrx_word' id='word_1_62' title='bbox 1418 1967 1573 2059; x_wconf 88' lang='lat' dir='ltr'><strong>jure</strong></span> <span class='ocrx_word' id='word_1_63' title='bbox 1613 1981 1918 2036; x_wconf 88' lang='lat' dir='ltr'><strong>natantes</strong></span> 
     </span>
    </p>

    <p class='ocr_par' dir='ltr' id='par_1_10' title="bbox 349 2073 2034 2171">
     <span class='ocr_line' id='line_1_11' title="bbox 349 2073 2034 2171; baseline -0.001 -26"><span class='ocrx_word' id='word_1_64' title='bbox 349 2079 661 2171; x_wconf 86' lang='lat' dir='ltr'><strong>Mergere</strong></span> <span class='ocrx_word' id='word_1_65' title='bbox 692 2074 1009 2146; x_wconf 75' lang='lat' dir='ltr'><strong>ficedulas</strong></span> <span class='ocrx_word' id='word_1_66' title='bbox 1043 2074 1310 2163; x_wconf 85' lang='lat' dir='ltr'><strong>didicit,</strong></span> <span class='ocrx_word' id='word_1_67' title='bbox 1350 2073 1685 2145; x_wconf 86' lang='lat' dir='ltr'>nebulone</span> <span class='ocrx_word' id='word_1_68' title='bbox 1715 2091 2034 2169; x_wconf 89' lang='lat' dir='ltr'><strong>parente,</strong></span> 
     </span>
    </p>

    <p class='ocr_par' dir='ltr' id='par_1_11' title="bbox 346 2183 2502 2390">
     <span class='ocr_line' id='line_1_12' title="bbox 346 2183 2502 2280; baseline 0.001 -26"><span class='ocrx_word' id='word_1_69' title='bbox 346 2189 437 2254; x_wconf 91' lang='lat' dir='ltr'><strong>Et</strong></span> <span class='ocrx_word' id='word_1_70' title='bbox 473 2210 638 2254; x_wconf 89' lang='lat' dir='ltr'><strong>cana</strong></span> <span class='ocrx_word' id='word_1_71' title='bbox 674 2200 1095 2255; x_wconf 86' lang='lat' dir='ltr'><strong>monstrante</strong></span> <span class='ocrx_word' id='word_1_72' title='bbox 1128 2183 1301 2280; x_wconf 85' lang='lat' dir='ltr'><strong>gula.</strong></span> <span class='ocrx_word' id='word_1_73' title='bbox 1344 2183 1577 2273; x_wconf 91' lang='lat' dir='ltr'><strong>Quum</strong></span> <span class='ocrx_word' id='word_1_74' title='bbox 1610 2186 1933 2279; x_wconf 87' lang='lat' dir='ltr'><strong>septimus</strong></span> <span class='ocrx_word' id='word_1_75' title='bbox 1969 2210 2188 2256; x_wconf 89' lang='lat' dir='ltr'><strong>annus</strong></span> <span class='ocrx_word' id='word_1_76' title='bbox 2439 2224 2502 2257; x_wconf 79' lang='grc' dir='ltr'><strong>ιο</strong></span> 
     </span>
     <span class='ocr_line' id='line_1_13' title="bbox 346 2293 2088 2390; baseline 0.002 -27"><span class='ocrx_word' id='word_1_77' title='bbox 346 2297 712 2364; x_wconf 85' lang='lat' dir='ltr'><strong>Transierit</strong></span> <span class='ocrx_word' id='word_1_78' title='bbox 743 2319 984 2390; x_wconf 89' lang='lat' dir='ltr'><strong>puero,</strong></span> <span class='ocrx_word' id='word_1_79' title='bbox 1018 2293 1324 2363; x_wconf 91' lang='lat' dir='ltr'><strong>nondum</strong></span> <span class='ocrx_word' id='word_1_80' title='bbox 1356 2296 1546 2363; x_wconf 90' lang='lat' dir='ltr'><strong>omni</strong></span> <span class='ocrx_word' id='word_1_81' title='bbox 1578 2293 1778 2363; x_wconf 88' lang='lat' dir='ltr'><strong>dente</strong></span> <span class='ocrx_word' id='word_1_82' title='bbox 1817 2312 2052 2366; x_wconf 86' lang='lat' dir='ltr'><strong>renato</strong></span> <span class='ocrx_word' id='word_1_83' title='bbox 2069 2349 2088 2384; x_wconf 94' lang='lat'><strong>,</strong></span> 
     </span>
    </p>

    <p class='ocr_par' dir='ltr' id='par_1_12' title="bbox 348 2403 2095 2500">
     <span class='ocr_line' id='line_1_14' title="bbox 348 2403 2095 2500; baseline 0.003 -28"><span class='ocrx_word' id='word_1_84' title='bbox 348 2406 674 2473; x_wconf 86' lang='lat' dir='ltr'><strong>Barbatos</strong></span> <span class='ocrx_word' id='word_1_85' title='bbox 708 2403 867 2474; x_wconf 89' lang='lat' dir='ltr'><strong>licet</strong></span> <span class='ocrx_word' id='word_1_86' title='bbox 898 2403 1258 2472; x_wconf 86' lang='lat' dir='ltr'><strong>admoveas</strong></span> <span class='ocrx_word' id='word_1_87' title='bbox 1292 2403 1473 2473; x_wconf 89' lang='lat' dir='ltr'><strong>mille</strong></span> <span class='ocrx_word' id='word_1_88' title='bbox 1510 2403 1666 2474; x_wconf 87' lang='lat' dir='ltr'><strong>inde</strong></span> <span class='ocrx_word' id='word_1_89' title='bbox 1701 2407 2095 2500; x_wconf 81' lang='lat' dir='ltr'><strong>magistroS,</strong></span> 
     </span>
    </p>

    <p class='ocr_par' dir='ltr' id='par_1_13' title="bbox 351 2509 1922 2606">
     <span class='ocr_line' id='line_1_15' title="bbox 351 2509 1922 2606; baseline 0.001 -27"><span class='ocrx_word' id='word_1_90' title='bbox 351 2513 533 2581; x_wconf 88' lang='lat' dir='ltr'><strong>Hinc</strong></span> <span class='ocrx_word' id='word_1_91' title='bbox 560 2512 876 2598; x_wconf 78' lang='lat' dir='ltr'><strong>totidem,</strong></span> <span class='ocrx_word' id='word_1_92' title='bbox 908 2511 1137 2605; x_wconf 89' lang='lat' dir='ltr'><strong>cupiet</strong></span> <span class='ocrx_word' id='word_1_93' title='bbox 1167 2509 1349 2580; x_wconf 89' lang='lat' dir='ltr'><strong>lauto</strong></span> <span class='ocrx_word' id='word_1_94' title='bbox 1383 2536 1648 2581; x_wconf 86' lang='lat' dir='ltr'><strong>coenare</strong></span> <span class='ocrx_word' id='word_1_95' title='bbox 1682 2529 1922 2606; x_wconf 86' lang='lat' dir='ltr'><strong>paratu</strong></span> 
     </span>
    </p>

    <p class='ocr_par' dir='ltr' id='par_1_14' title="bbox 353 2620 2020 2714">
     <span class='ocr_line' id='line_1_16' title="bbox 353 2620 2020 2714; baseline 0 -24"><span class='ocrx_word' id='word_1_96' title='bbox 353 2625 654 2714; x_wconf 86' lang='lat' dir='ltr'><strong>Semper,</strong></span> <span class='ocrx_word' id='word_1_97' title='bbox 692 2634 763 2688; x_wconf 86' lang='lat' dir='ltr'><strong>et</strong></span> <span class='ocrx_word' id='word_1_98' title='bbox 793 2644 834 2687; x_wconf 84' lang='lat' dir='ltr'><strong>a</strong></span> <span class='ocrx_word' id='word_1_99' title='bbox 869 2642 1115 2712; x_wconf 84' lang='lat' dir='ltr'><strong>magna</strong></span> <span class='ocrx_word' id='word_1_100' title='bbox 1146 2643 1287 2685; x_wconf 91' lang='lat' dir='ltr'><strong>non</strong></span> <span class='ocrx_word' id='word_1_101' title='bbox 1324 2620 1734 2708; x_wconf 79' lang='lat' dir='ltr'><strong>degenerare</strong></span> <span class='ocrx_word' id='word_1_102' title='bbox 1770 2622 2020 2690; x_wconf 84' lang='lat' dir='ltr'><strong>culina.</strong></span> 
     </span>
    </p>
   </div>
   <div class='ocr_carea' id='block_1_4' title="bbox 750 2827 2106 2878">
    <p class='ocr_par' dir='ltr' id='par_1_15' title="bbox 750 2827 2106 2878">
     <span class='ocr_line' id='line_1_17' title="bbox 750 2827 2106 2878; baseline 0.004 -10"><span class='ocrx_word' id='word_1_103' title='bbox 750 2829 978 2868; x_wconf 65' lang='lat' dir='ltr'><strong>suna</strong></span> <span class='ocrx_word' id='word_1_104' title='bbox 1010 2829 1251 2868; x_wconf 64' lang='lat' dir='ltr'><strong>nucum</strong></span> <span class='ocrx_word' id='word_1_105' title='bbox 1294 2827 1547 2878; x_wconf 55' lang='lat' dir='ltr'><strong>Quanam</strong></span> <span class='ocrx_word' id='word_1_106' title='bbox 1591 2829 2106 2873; x_wconf 67' lang='lat' dir='ltr'><strong>numen-nno.</strong></span> 
     </span>
    </p>
   </div>
   <div class='ocr_carea' id='block_1_5' title="bbox 348 2924 2502 4204">
    <p class='ocr_par' dir='ltr' id='par_1_16' title="bbox 348 2924 2502 4204">
     <span class='ocr_line' id='line_1_18' title="bbox 442 2924 2502 3008; baseline 0.004 -23"><span class='ocrx_word' id='word_1_107' title='bbox 442 2949 493 2986; x_wconf 86' lang='lat'><strong>1.</strong></span> <span class='ocrx_word' id='word_1_108' title='bbox 536 2927 790 3008; x_wconf 77' lang='lat' dir='ltr'><strong>Plurima</strong></span> <span class='ocrx_word' id='word_1_109' title='bbox 817 2937 955 2984; x_wconf 81' lang='lat' dir='ltr'><strong>sunt</strong></span> <span class='ocrx_word' id='word_1_110' title='bbox 972 2924 1213 3002; x_wconf 82' lang='lat' dir='ltr'><strong>flagitia,</strong></span> <span class='ocrx_word' id='word_1_111' title='bbox 1242 2928 1289 2982; x_wconf 89' lang='lat' dir='ltr'>F</span> <span class='ocrx_word' id='word_1_112' title='bbox 1290 2927 1521 2998; x_wconf 74' lang='lat' dir='ltr'><strong>asciae,</strong></span> <span class='ocrx_word' id='word_1_113' title='bbox 1547 2928 1750 2984; x_wconf 75' lang='lat' dir='ltr'><strong>laevam</strong></span> <span class='ocrx_word' id='word_1_114' title='bbox 1765 2929 2250 2990; x_wconf 80' lang='lat' dir='ltr'><strong>existimationem</strong></span> <span class='ocrx_word' id='word_1_115' title='bbox 2269 2955 2502 2994; x_wconf 82' lang='lat' dir='ltr'><strong>meren-</strong></span> 
     </span>
     <span class='ocr_line' id='line_1_19' title="bbox 357 3017 2501 3104; baseline 0.005 -28"><span class='ocrx_word' id='word_1_116' title='bbox 357 3022 435 3076; x_wconf 84' lang='lat' dir='ltr'><strong>tia</strong></span> <span class='ocrx_word' id='word_1_117' title='bbox 466 3030 527 3076; x_wconf 87' lang='lat' dir='ltr'><strong>et</strong></span> <span class='ocrx_word' id='word_1_118' title='bbox 556 3020 791 3076; x_wconf 82' lang='lat' dir='ltr'><strong>dotibus</strong></span> <span class='ocrx_word' id='word_1_119' title='bbox 824 3019 1073 3075; x_wconf 82' lang='lat' dir='ltr'><strong>maxime</strong></span> <span class='ocrx_word' id='word_1_120' title='bbox 1104 3017 1423 3093; x_wconf 80' lang='lat' dir='ltr'><strong>splendidis</strong></span> <span class='ocrx_word' id='word_1_121' title='bbox 1455 3021 1740 3077; x_wconf 80' lang='lat' dir='ltr'><strong>maculam</strong></span> <span class='ocrx_word' id='word_1_122' title='bbox 1776 3032 2034 3082; x_wconf 82' lang='lat' dir='ltr'><strong>tenacem</strong></span> <span class='ocrx_word' id='word_1_123' title='bbox 2067 3023 2302 3101; x_wconf 79' lang='lat' dir='ltr'><strong>figentia</strong></span> <span class='ocrx_word' id='word_1_124' title='bbox 2319 3071 2336 3100; x_wconf 91' lang='lat'><strong>,</strong></span> <span class='ocrx_word' id='word_1_125' title='bbox 2374 3049 2501 3104; x_wconf 81' lang='lat' dir='ltr'><strong>quae</strong></span> 
     </span>
     <span class='ocr_line' id='line_1_20' title="bbox 350 3110 2498 3189; baseline 0.004 -21"><span class='ocrx_word' id='word_1_126' title='bbox 350 3123 619 3189; x_wconf 77' lang='lat' dir='ltr'><strong>parentes</strong></span> <span class='ocrx_word' id='word_1_127' title='bbox 650 3111 765 3187; x_wconf 83' lang='lat' dir='ltr'><strong>ipsi</strong></span> <span class='ocrx_word' id='word_1_128' title='bbox 800 3122 1125 3168; x_wconf 83' lang='lat' dir='ltr'><strong>monstrant</strong></span> <span class='ocrx_word' id='word_1_129' title='bbox 1154 3121 1214 3168; x_wconf 84' lang='lat' dir='ltr'><strong>et</strong></span> <span class='ocrx_word' id='word_1_130' title='bbox 1237 3110 1519 3184; x_wconf 82' lang='lat' dir='ltr'><strong>ingerunt</strong></span> <span class='ocrx_word' id='word_1_131' title='bbox 1552 3111 1670 3168; x_wconf 84' lang='lat' dir='ltr'><strong>suis</strong></span> <span class='ocrx_word' id='word_1_132' title='bbox 1703 3113 1918 3187; x_wconf 86' lang='lat' dir='ltr'><strong>pneris.</strong></span> <span class='ocrx_word' id='word_1_133' title='bbox 1958 3115 2022 3174; x_wconf 91' lang='lat' dir='ltr'><strong>Si</strong></span> <span class='ocrx_word' id='word_1_134' title='bbox 2065 3119 2189 3174; x_wconf 78' lang='lat' dir='ltr'><strong>alea</strong></span> <span class='ocrx_word' id='word_1_135' title='bbox 2223 3119 2498 3177; x_wconf 75' lang='lat' dir='ltr'><strong>damnosa</strong></span> 
     </span>
     <span class='ocr_line' id='line_1_21' title="bbox 348 3202 2496 3283; baseline 0.004 -22"><span class='ocrx_word' id='word_1_136' title='bbox 348 3206 512 3280; x_wconf 81' lang='lat' dir='ltr'><strong>juvat</strong></span> <span class='ocrx_word' id='word_1_137' title='bbox 546 3213 771 3280; x_wconf 80' lang='lat' dir='ltr'><strong>patrem</strong></span> <span class='ocrx_word' id='word_1_138' title='bbox 796 3204 919 3279; x_wconf 80' lang='lat' dir='ltr'><strong>jam</strong></span> <span class='ocrx_word' id='word_1_139' title='bbox 951 3202 1271 3273; x_wconf 79' lang='lat' dir='ltr'><strong>seniorem,</strong></span> <span class='ocrx_word' id='word_1_140' title='bbox 1307 3202 1460 3260; x_wconf 82' lang='lat' dir='ltr'><strong>ludit</strong></span> <span class='ocrx_word' id='word_1_141' title='bbox 1493 3214 1554 3260; x_wconf 90' lang='lat' dir='ltr'><strong>et</strong></span> <span class='ocrx_word' id='word_1_142' title='bbox 1584 3204 1708 3278; x_wconf 85' lang='lat' dir='ltr'><strong>ipse</strong></span> <span class='ocrx_word' id='word_1_143' title='bbox 1737 3206 1862 3279; x_wconf 83' lang='lat' dir='ltr'><strong>eJ‘us</strong></span> <span class='ocrx_word' id='word_1_144' title='bbox 1893 3208 2073 3264; x_wconf 79' lang='lat' dir='ltr'><strong>haeres</strong></span> <span class='ocrx_word' id='word_1_145' title='bbox 2101 3229 2248 3283; x_wconf 84' lang='lat' dir='ltr'><strong>puer</strong></span> <span class='ocrx_word' id='word_1_146' title='bbox 2275 3212 2496 3269; x_wconf 79' lang='lat' dir='ltr'><strong>bullam</strong></span> 
     </span>
     <span class='ocr_line' id='line_1_22' title="bbox 353 3295 2498 3374; baseline 0.003 -20"><span class='ocrx_word' id='word_1_147' title='bbox 353 3299 540 3356; x_wconf 82' lang='lat' dir='ltr'><strong>adhuc</strong></span> <span class='ocrx_word' id='word_1_148' title='bbox 578 3316 814 3374; x_wconf 71' lang='lat' dir='ltr'><strong>gerenS,</strong></span> <span class='ocrx_word' id='word_1_149' title='bbox 864 3308 924 3353; x_wconf 89' lang='lat' dir='ltr'><strong>et</strong></span> <span class='ocrx_word' id='word_1_150' title='bbox 962 3296 1091 3353; x_wconf 86' lang='lat' dir='ltr'><strong>ludi</strong></span> <span class='ocrx_word' id='word_1_151' title='bbox 1124 3295 1508 3352; x_wconf 75' lang='lat' dir='ltr'><strong>instrumenta</strong></span> <span class='ocrx_word' id='word_1_152' title='bbox 1553 3297 1756 3354; x_wconf 79' lang='lat' dir='ltr'><strong>eadem</strong></span> <span class='ocrx_word' id='word_1_153' title='bbox 1797 3299 2015 3356; x_wconf 88' lang='lat' dir='ltr'><strong>minori</strong></span> <span class='ocrx_word' id='word_1_154' title='bbox 2055 3300 2260 3360; x_wconf 73' lang='lat' dir='ltr'><strong>fritillo</strong></span> <span class='ocrx_word' id='word_1_155' title='bbox 2287 3319 2498 3361; x_wconf 76' lang='lat' dir='ltr'><strong>versat.</strong></span> 
     </span>
     <span class='ocr_line' id='line_1_23' title="bbox 350 3388 2498 3470; baseline 0.002 -23"><span class='ocrx_word' id='word_1_156' title='bbox 350 3391 557 3466; x_wconf 84' lang='lat' dir='ltr'><strong>Neque</strong></span> <span class='ocrx_word' id='word_1_157' title='bbox 601 3390 904 3447; x_wconf 86' lang='lat' dir='ltr'><strong>meliorem</strong></span> <span class='ocrx_word' id='word_1_158' title='bbox 956 3407 1132 3465; x_wconf 82' lang='lat' dir='ltr'><strong>qnam</strong></span> <span class='ocrx_word' id='word_1_159' title='bbox 1180 3388 1345 3446; x_wconf 82' lang='lat' dir='ltr'><strong>dedit</strong></span> <span class='ocrx_word' id='word_1_160' title='bbox 1384 3399 1554 3464; x_wconf 84' lang='lat' dir='ltr'><strong>pater</strong></span> <span class='ocrx_word' id='word_1_161' title='bbox 1600 3389 1675 3446; x_wconf 89' lang='lat' dir='ltr'><strong>de</strong></span> <span class='ocrx_word' id='word_1_162' title='bbox 1722 3408 1784 3446; x_wconf 87' lang='lat' dir='ltr'><strong>se</strong></span> <span class='ocrx_word' id='word_1_163' title='bbox 1827 3409 1989 3466; x_wconf 88' lang='lat' dir='ltr'><strong>spem</strong></span> <span class='ocrx_word' id='word_1_164' title='bbox 2034 3392 2199 3449; x_wconf 81' lang='lat' dir='ltr'><strong>dabit</strong></span> <span class='ocrx_word' id='word_1_165' title='bbox 2246 3396 2498 3470; x_wconf 86' lang='lat' dir='ltr'><strong>propin-</strong></span> 
     </span>
     <span class='ocr_line' id='line_1_24' title="bbox 352 3480 2501 3562; baseline 0.004 -25"><span class='ocrx_word' id='word_1_166' title='bbox 352 3483 481 3558; x_wconf 83' lang='lat' dir='ltr'><strong>quis</strong></span> <span class='ocrx_word' id='word_1_167' title='bbox 513 3481 630 3538; x_wconf 83' lang='lat' dir='ltr'><strong>suis</strong></span> <span class='ocrx_word' id='word_1_168' title='bbox 657 3482 887 3557; x_wconf 77' lang='lat' dir='ltr'><strong>juvenis</strong></span> <span class='ocrx_word' id='word_1_169' title='bbox 907 3481 1037 3550; x_wconf 84' lang='lat' dir='ltr'><strong>ille,</strong></span> <span class='ocrx_word' id='word_1_170' title='bbox 1066 3480 1171 3556; x_wconf 81' lang='lat' dir='ltr'><strong>qui</strong></span> <span class='ocrx_word' id='word_1_171' title='bbox 1194 3491 1365 3538; x_wconf 84' lang='lat' dir='ltr'><strong>terrae</strong></span> <span class='ocrx_word' id='word_1_172' title='bbox 1400 3482 1608 3538; x_wconf 86' lang='lat' dir='ltr'><strong>tubera</strong></span> <span class='ocrx_word' id='word_1_173' title='bbox 1634 3485 1890 3558; x_wconf 80' lang='lat' dir='ltr'><strong>scalpere</strong></span> <span class='ocrx_word' id='word_1_174' title='bbox 1919 3503 1985 3540; x_wconf 85' lang='lat' dir='ltr'><strong>ac</strong></span> <span class='ocrx_word' id='word_1_175' title='bbox 2011 3485 2250 3552; x_wconf 82' lang='lat' dir='ltr'><strong>radere,</strong></span> <span class='ocrx_word' id='word_1_176' title='bbox 2292 3487 2501 3562; x_wconf 81' lang='lat' dir='ltr'><strong>fungos</strong></span> 
     </span>
     <span class='ocr_line' id='line_1_25' title="bbox 349 3572 2502 3649; baseline 0.002 -16"><span class='ocrx_word' id='word_1_177' title='bbox 349 3574 587 3633; x_wconf 85' lang='lat' dir='ltr'><strong>condire</strong></span> <span class='ocrx_word' id='word_1_178' title='bbox 600 3615 618 3644; x_wconf 92' lang='lat'>‚</span> <span class='ocrx_word' id='word_1_179' title='bbox 652 3585 711 3631; x_wconf 86' lang='lat' dir='ltr'><strong>et</strong></span> <span class='ocrx_word' id='word_1_180' title='bbox 752 3574 960 3631; x_wconf 86' lang='lat' dir='ltr'><strong>eodem</strong></span> <span class='ocrx_word' id='word_1_181' title='bbox 994 3572 1225 3647; x_wconf 78' lang='lat' dir='ltr'><strong>jusculo</strong></span> <span class='ocrx_word' id='word_1_182' title='bbox 1265 3573 1563 3629; x_wconf 82' lang='lat' dir='ltr'><strong>immersas</strong></span> <span class='ocrx_word' id='word_1_183' title='bbox 1600 3575 1956 3649; x_wconf 81' lang='lat' dir='ltr'><strong>perfundere</strong></span> <span class='ocrx_word' id='word_1_184' title='bbox 1987 3574 2256 3634; x_wconf 81' lang='lat' dir='ltr'><strong>ficedulas</strong></span> <span class='ocrx_word' id='word_1_185' title='bbox 2271 3619 2288 3647; x_wconf 93' lang='lat'><strong>,</strong></span> <span class='ocrx_word' id='word_1_186' title='bbox 2331 3581 2502 3637; x_wconf 82' lang='lat' dir='ltr'><strong>luxu-</strong></span> 
     </span>
     <span class='ocr_line' id='line_1_26' title="bbox 350 3665 2502 3741; baseline 0.003 -18"><span class='ocrx_word' id='word_1_187' title='bbox 350 3668 506 3723; x_wconf 89' lang='lat' dir='ltr'><strong>rioso</strong></span> <span class='ocrx_word' id='word_1_188' title='bbox 534 3675 701 3741; x_wconf 86' lang='lat' dir='ltr'><strong>patre</strong></span> <span class='ocrx_word' id='word_1_189' title='bbox 730 3665 977 3722; x_wconf 84' lang='lat' dir='ltr'><strong>docente</strong></span> <span class='ocrx_word' id='word_1_190' title='bbox 998 3675 1060 3720; x_wconf 82' lang='lat' dir='ltr'><strong>et</strong></span> <span class='ocrx_word' id='word_1_191' title='bbox 1091 3683 1231 3720; x_wconf 82' lang='lat' dir='ltr'><strong>cana</strong></span> <span class='ocrx_word' id='word_1_192' title='bbox 1256 3666 1391 3741; x_wconf 78' lang='lat' dir='ltr'><strong>gula</strong></span> <span class='ocrx_word' id='word_1_193' title='bbox 1419 3668 1751 3741; x_wconf 82' lang='lat' dir='ltr'><strong>exemplum</strong></span> <span class='ocrx_word' id='word_1_194' title='bbox 1781 3667 2103 3741; x_wconf 76' lang='lat' dir='ltr'><strong>praebente,</strong></span> <span class='ocrx_word' id='word_1_195' title='bbox 2131 3669 2355 3728; x_wconf 84' lang='lat' dir='ltr'><strong>didicit.</strong></span> <span class='ocrx_word' id='word_1_196' title='bbox 2384 3672 2502 3730; x_wconf 83' lang='lat' dir='ltr'><strong>Vix</strong></span> 
     </span>
     <span class='ocr_line' id='line_1_27' title="bbox 349 3756 2498 3837; baseline 0.004 -23"><span class='ocrx_word' id='word_1_197' title='bbox 349 3777 565 3814; x_wconf 85' lang='lat' dir='ltr'><strong>annum</strong></span> <span class='ocrx_word' id='word_1_198' title='bbox 608 3757 917 3833; x_wconf 81' lang='lat' dir='ltr'><strong>septimum</strong></span> <span class='ocrx_word' id='word_1_199' title='bbox 966 3756 1227 3832; x_wconf 80' lang='lat' dir='ltr'><strong>attigerit</strong></span> <span class='ocrx_word' id='word_1_200' title='bbox 1250 3798 1269 3826; x_wconf 91' lang='lat'>‚</span> <span class='ocrx_word' id='word_1_201' title='bbox 1317 3768 1628 3833; x_wconf 82' lang='lat' dir='ltr'><strong>antequam</strong></span> <span class='ocrx_word' id='word_1_202' title='bbox 1676 3777 1878 3815; x_wconf 83' lang='lat' dir='ltr'><strong>omnes</strong></span> <span class='ocrx_word' id='word_1_203' title='bbox 1919 3759 2122 3816; x_wconf 85' lang='lat' dir='ltr'><strong>dentes</strong></span> <span class='ocrx_word' id='word_1_204' title='bbox 2136 3801 2155 3832; x_wconf 90' lang='lat'>‚</span> <span class='ocrx_word' id='word_1_205' title='bbox 2205 3763 2311 3837; x_wconf 83' lang='lat' dir='ltr'><strong>qui</strong></span> <span class='ocrx_word' id='word_1_206' title='bbox 2347 3766 2498 3822; x_wconf 86' lang='lat' dir='ltr'><strong>exci-</strong></span> 
     </span>
     <span class='ocr_line' id='line_1_28' title="bbox 349 3848 2499 3924; baseline 0.003 -18"><span class='ocrx_word' id='word_1_207' title='bbox 349 3849 553 3908; x_wconf 81' lang='lat' dir='ltr'><strong>derant</strong></span> <span class='ocrx_word' id='word_1_208' title='bbox 570 3891 587 3920; x_wconf 92' lang='lat'><strong>,</strong></span> <span class='ocrx_word' id='word_1_209' title='bbox 636 3859 704 3906; x_wconf 88' lang='lat' dir='ltr'><strong>nt</strong></span> <span class='ocrx_word' id='word_1_210' title='bbox 744 3848 812 3905; x_wconf 82' lang='lat' dir='ltr'><strong>fit</strong></span> <span class='ocrx_word' id='word_1_211' title='bbox 829 3891 847 3922; x_wconf 91' lang='lat'><strong>,</strong></span> <span class='ocrx_word' id='word_1_212' title='bbox 896 3848 1183 3906; x_wconf 79' lang='lat' dir='ltr'><strong>infantulo</strong></span> <span class='ocrx_word' id='word_1_213' title='bbox 1226 3849 1445 3907; x_wconf 81' lang='lat' dir='ltr'><strong>fuerint</strong></span> <span class='ocrx_word' id='word_1_214' title='bbox 1488 3849 1778 3924; x_wconf 80' lang='lat' dir='ltr'><strong>reparati,</strong></span> <span class='ocrx_word' id='word_1_215' title='bbox 1829 3849 1967 3906; x_wconf 88' lang='lat' dir='ltr'><strong>licet</strong></span> <span class='ocrx_word' id='word_1_216' title='bbox 2008 3851 2173 3908; x_wconf 86' lang='lat' dir='ltr'><strong>illum</strong></span> <span class='ocrx_word' id='word_1_217' title='bbox 2224 3856 2499 3914; x_wconf 82' lang='lat' dir='ltr'><strong>erudien-</strong></span> 
     </span>
     <span class='ocr_line' id='line_1_29' title="bbox 351 3940 2499 4018; baseline 0.004 -20"><span class='ocrx_word' id='word_1_218' title='bbox 351 3941 491 3998; x_wconf 85' lang='lat' dir='ltr'><strong>dum</strong></span> <span class='ocrx_word' id='word_1_219' title='bbox 530 3941 813 3999; x_wconf 84' lang='lat' dir='ltr'><strong>sexcentis</strong></span> <span class='ocrx_word' id='word_1_220' title='bbox 858 3940 1149 4017; x_wconf 81' lang='lat' dir='ltr'><strong>magistris</strong></span> <span class='ocrx_word' id='word_1_221' title='bbox 1192 3941 1440 4000; x_wconf 77' lang='lat' dir='ltr'><strong>barbato</strong></span> <span class='ocrx_word' id='word_1_222' title='bbox 1494 3954 1693 4000; x_wconf 83' lang='lat' dir='ltr'><strong>mento</strong></span> <span class='ocrx_word' id='word_1_223' title='bbox 1745 3943 1958 4000; x_wconf 82' lang='lat' dir='ltr'><strong>severis</strong></span> <span class='ocrx_word' id='word_1_224' title='bbox 2005 3946 2194 4003; x_wconf 80' lang='lat' dir='ltr'><strong>tradas</strong></span> <span class='ocrx_word' id='word_1_225' title='bbox 2215 3989 2231 4018; x_wconf 89' lang='lat'><strong>,</strong></span> <span class='ocrx_word' id='word_1_226' title='bbox 2281 3949 2499 4006; x_wconf 87' lang='lat' dir='ltr'><strong>nihilo-</strong></span> 
     </span>
     <span class='ocr_line' id='line_1_30' title="bbox 348 4030 2500 4114; baseline 0.003 -26"><span class='ocrx_word' id='word_1_227' title='bbox 348 4032 543 4090; x_wconf 87' lang='lat' dir='ltr'><strong>minus</strong></span> <span class='ocrx_word' id='word_1_228' title='bbox 578 4034 801 4108; x_wconf 79' lang='lat' dir='ltr'><strong>epulari</strong></span> <span class='ocrx_word' id='word_1_229' title='bbox 840 4043 1080 4108; x_wconf 68' lang='lat' dir='ltr'><strong>paterna</strong></span> <span class='ocrx_word' id='word_1_230' title='bbox 1110 4030 1534 4110; x_wconf 77' lang='lat' dir='ltr'><strong>magnificentia</strong></span> <span class='ocrx_word' id='word_1_231' title='bbox 1551 4075 1570 4106; x_wconf 89' lang='lat'><strong>,</strong></span> <span class='ocrx_word' id='word_1_232' title='bbox 1607 4045 1664 4090; x_wconf 88' lang='lat' dir='ltr'><strong>et</strong></span> <span class='ocrx_word' id='word_1_233' title='bbox 1698 4054 1732 4090; x_wconf 84' lang='lat' dir='ltr'><strong>a</strong></span> <span class='ocrx_word' id='word_1_234' title='bbox 1763 4053 1970 4113; x_wconf 80' lang='lat' dir='ltr'><strong>magna</strong></span> <span class='ocrx_word' id='word_1_235' title='bbox 2003 4037 2272 4114; x_wconf 75' lang='lat' dir='ltr'><strong>lautaque</strong></span> <span class='ocrx_word' id='word_1_236' title='bbox 2309 4041 2500 4096; x_wconf 78' lang='lat' dir='ltr'><strong>culina</strong></span> 
     </span>
     <span class='ocr_line' id='line_1_31' title="bbox 354 4127 1087 4204; baseline 0 -22"><span class='ocrx_word' id='word_1_237' title='bbox 354 4144 480 4184; x_wconf 87' lang='lat' dir='ltr'><strong>non</strong></span> <span class='ocrx_word' id='word_1_238' title='bbox 516 4127 875 4204; x_wconf 78' lang='lat' dir='ltr'><strong>degenerare</strong></span> <span class='ocrx_word' id='word_1_239' title='bbox 910 4127 1087 4186; x_wconf 84' lang='lat' dir='ltr'><strong>volet.</strong></span> 
     </span>
    </p>
   </div>
  </div>
 </body>
</html>
