3050 4884
508 378 639 454 204
1055 378 1139 442 D.
1196 377 1475 443 JUN11
1531 376 2102 441 IUVENALIS

502 492 695 562 Adde
729 508 797 563 et
830 494 1225 580 bascaudas,
1268 508 1337 563 et
1374 490 1557 561 mille
1585 495 1865 577 escaria,
1907 490 2196 561 multum

504 602 769 691 caelati,
810 605 1071 673 biberat
1107 629 1243 698 quo
1278 602 1556 672 callidus
1585 614 1852 695 emptor
1885 598 2191 695 Olynthi.

504 711 633 780 Sed
662 714 813 806 quis
844 738 1028 782 nunc
1054 710 1251 799 aliuS,
1288 738 1421 807 qua
1447 711 1683 780 mundi
1712 727 1936 805 parte,
1965 709 2114 804 quis
2140 707 2340 777 audet

502 824 806 915 Argento
836 822 1153 918 praeferre
1183 836 1385 916 caput
1414 821 1741 915 rebusque
1768 819 2098 891 salutem?

503 928 536 961 ⁴¹
562 934 723 1001 Non
759 948 1037 1028 propter
1073 934 1277 1002 vitam
1311 931 1570 1003 faciunt
1605 933 2012 1027 patrimonia
2040 930 2350 1024 quidam3
2583 940 2656 994 50

506 1039 537 1072 '⁴‘
564 1042 693 1111 Sed
725 1046 885 1113 vitio
918 1046 1076 1114 caeci
1108 1060 1390 1143 propter
1420 1045 1827 1138 patrimonia
1861 1045 2121 1112 vivunt.

506 1156 546 1221 J
550 1168 811 1223 actatur
840 1178 1067 1223 rerum
1100 1153 1367 1223 utilium
1399 1177 1555 1246 pars
1586 1156 1907 1241 maxima3
1943 1154 2057 1223 sed
2085 1178 2210 1223 nec

508 1266 775 1333 Damna
808 1264 1029 1334 levant
1060 1292 1076 1333 ε
1110 1280 1305 1351 tunc,
1334 1263 1627 1335 adversis
1654 1264 2086 1359 urgentibus,
2117 1261 2277 1332 illuc

511 1374 813 1463 Recidit,
846 1391 923 1444 ut
954 1373 1202 1444 malum
1237 1373 1413 1445 ferro
1450 1375 1908 1461 submitteret,
1945 1398 2022 1443 ac
2049 1398 2120 1443 se

510 1485 822 1579 Explicat
850 1503 1207 1581 angustum
1226 1539 1246 1573 ,
1280 1485 1690 1557 discriminis
1721 1482 2297 1579 ultima,'quando
2589 1492 2658 1546 55

512 1597 830 1669 Praesidia
856 1598 1198 1668 afferimus
1215 1652 1235 1684 ,
1264 1621 1501 1667 navem
1532 1597 1792 1666 factura
1819 1597 2178 1665 minorem.

512 1711 549 1776 1
586 1733 811 1794 nunc,
854 1722 919 1777 et
952 1709 1163 1777 ventis
1196 1708 1486 1777 animam
1526 1707 1910 1793 committe,
1950 1705 2176 1776 dolato

513 1818 825 1888 Confisus
859 1817 1041 1913 ligno
1059 1872 1079 1901 ,
1110 1818 1335 1913 digitis
1360 1842 1401 1886 a
1426 1832 1642 1887 morte
1674 1830 1970 1885 remotus

517 1930 857 2018 Quatuor,
882 1942 1001 1997 aut
1030 1942 1280 2021 septem
1296 1980 1315 2014 ,
1346 1927 1399 1995 si
1430 1927 1519 1996 sit
1546 1926 1858 1997 latissima
1885 1923 2082 1995 toeda!

516 2040 681 2105 Mox
712 2062 866 2105 cum
899 2035 1220 2125 reticulis,
1253 2053 1320 2106 et
1350 2060 1562 2131 pane,
1596 2052 1663 2106 et
1693 2050 1922 2105 ventre
1950 2035 2236 2130 lagenae,
2525 2044 2532 2051 '
2594 2048 2667 2095 60

516 2146 811 2242 Adspice
834 2147 1187 2218 sumendas
1220 2148 1290 2217 in
1323 2160 1708 2241 tempestate
1737 2171 2017 2216 secures.

520 2358 694 2420 rimas
715 2361 1031 2421 inserendis
1054 2365 1297 2440 dapibus
1312 2366 1593 2438 'idonea33
1629 2366 1838 2442 pocula
1864 2364 2056 2423 caelata
2091 2384 2162 2423 ex
2189 2372 2432 2441 argento
2458 2376 2671 2436 perve-

519 2464 703 2525 tusto,
730 2456 941 2530 quibus
966 2458 1265 2533 Philippus
1292 2459 1538 2517 Macedo
1553 2500 1570 2529 ,
1599 2460 1648 2517 is
1677 2460 1782 2536 qui
1815 2472 1930 2517 tam
1965 2460 2170 2516 callide
2204 2457 2528 2533 Olynthum
2556 2471 2668 2509 ur-

516 2548 651 2605 bem
689 2548 859 2619 emit,
896 2550 1083 2607 fuerat
1116 2550 1257 2608 olim
1290 2570 1445 2608 usus.
1486 2556 1567 2609 At
1605 2571 1760 2609 nunc
1800 2550 2260 2628 quotusquisque
2286 2548 2516 2605 taudem
2551 2556 2670 2616 est,

518 2639 623 2715 qui
650 2640 828 2698 vitam
856 2661 1087 2700 servare
1108 2662 1283 2718 quam
1310 2662 1479 2719 opes,
1510 2645 1711 2701 malit?
1754 2646 1943 2716 Quem
1969 2643 2113 2701 mihi
2139 2653 2350 2719 praeter
2381 2639 2673 2697 Catullum

520 2731 711 2803 dabis,
741 2733 842 2807 qui
872 2752 1069 2792 rerum
1106 2752 1339 2791 suarum
1373 2733 1598 2809 jactura
1628 2737 1868 2793 salutem
1909 2756 2068 2793 suam
2100 2747 2160 2792 et
2183 2743 2356 2808 eaput
2383 2730 2674 2787 redimere

521 2842 643 2881 non
680 2825 955 2882 dubitet?
993 2827 1244 2897 Quidam
1280 2846 1403 2885 non
1436 2827 1511 2884 ad
1543 2827 1862 2887 vivendum
1899 2838 2114 2905 augent
2151 2823 2499 2901 patrimonia
2535 2840 2638 2878 sua
2655 2862 2672 2892 ,

522 2917 626 2974 sed
664 2918 741 2974 ad
782 2920 1049 2995 augenda
1088 2920 1438 2995 patrimonia
1474 2941 1576 2979 sua
1615 2923 1824 2979 vivunt
1839 2966 1857 2994 ,
1901 2922 2048 2979 adeo
2084 2918 2229 2977 vitio
2265 2917 2517 2975 avaritiae
2557 2934 2674 2971 suae

523 3008 918 3066 obcaecantur!
956 3011 1198 3068 Interim
1236 3024 1369 3088 post
1408 3014 1692 3088 abjectam
1729 3016 1791 3071 iu
1821 3033 1982 3071 mare
2019 3012 2371 3071 sarcinarum
2405 3020 2466 3067 et
2493 3024 2674 3083 opum

522 3112 747 3176 partem
786 3103 1065 3177 optimam
1084 3145 1100 3175 ,
1140 3105 1341 3162 saevire
1379 3105 1758 3163 nihilomiuus
1799 3118 2102 3182 tempestas
2143 3103 2337 3181 pergit
2351 3144 2370 3173 ,
2409 3120 2517 3159 nec
2561 3100 2675 3157 isto

526 3194 741 3252 damno
777 3196 1099 3271 periculum
1135 3198 1319 3254 levius
1350 3196 1452 3255 fit:
1487 3199 1670 3275 igitur
1699 3218 1770 3257 eo
1795 3200 2029 3257 demum
2066 3208 2312 3274 urgente
2341 3193 2678 3251 necessitate

524 3290 765 3361 recidit,
792 3303 858 3347 ut
884 3291 1045 3347 ferro
1078 3290 1293 3346 malum
1320 3304 1633 3365 resecaret,
1677 3312 1744 3349 ac
1770 3293 1846 3349 ita
1879 3311 1941 3349 se
1970 3291 2032 3347 in
2059 3288 2350 3366 augustias
2377 3286 2678 3345 redactum

527 3382 802 3457 expedire
842 3392 1069 3457 posset3
1106 3382 1268 3455 quod
1310 3384 1552 3457 quidem
1587 3385 1903 3442 maximum
1939 3384 2248 3442 discrimen
2289 3391 2411 3451 est,
2453 3379 2502 3436 si
2547 3378 2681 3453 quis

527 3474 760 3549 cog-itur
790 3472 1069 3529 adhibere
1101 3474 1393 3548 praesidia,
1424 3495 1554 3551 quae
1588 3476 1752 3533 navis
1777 3475 2238 3553 magnitudinem
2267 3472 2531 3529 minuere
2569 3468 2676 3527 de-
2713 3484 2724 3495 ·

526 3564 717 3621 heaut.
756 3566 779 3620 1
804 3584 992 3633 nuuc,
1028 3564 1128 3639 qui
1159 3566 1335 3621 vitam
1366 3568 1574 3645 pelago
1605 3570 1910 3643 ventisque
1936 3568 2268 3644 permittas,
2291 3576 2464 3639 teque
2491 3564 2681 3619 inclu-

530 3656 631 3713 das
656 3656 820 3726 navi,
850 3658 913 3713 in
936 3676 1049 3733 qua
1072 3656 1245 3715 distes
1266 3678 1297 3713 a
1322 3672 1513 3717 morte
1541 3660 1738 3737 digitis
1763 3670 2043 3735 quatuor,
2067 3670 2168 3715 aut
2184 3668 2404 3732 septem
2423 3655 2500 3711 ad
2521 3672 2682 3710 sum-

530 3768 689 3805 mum
710 3790 729 3819 ,
764 3752 815 3805 si
852 3750 1069 3807 fuerint
1095 3752 1354 3807 latissimi
1388 3772 1629 3821 asseres,
1665 3753 1874 3827 quibus
1901 3752 2000 3808 illa
2029 3749 2456 3825 compingitur!
2493 3750 2688 3822 Perge

531 3859 699 3911 sane,
742 3841 1000 3915 quisquis
1040 3860 1101 3899 es
1150 3854 1263 3899 tam
1302 3845 1690 3915 inconsultus,
1731 3856 1848 3901 tam
1887 3844 2021 3900 vitae
2061 3855 2172 3899 tuae
2210 3840 2523 3917 prodigus3
2573 3838 2680 3895 sed

530 3934 887 4004 memineris,
924 3935 1159 4009 quando
1194 3956 1399 4011 panem
1430 3948 1489 3994 et
1522 3936 1728 3994 vinum
1753 3936 1964 3995 inferes
1987 3936 2050 3991 in
2077 3946 2291 4003 ratem,
2325 3932 2542 4008 pariter
2573 3950 2678 3986 su-

531 4046 691 4083 mere
726 4044 953 4083 secures
970 4066 987 4097 ,
1020 4028 1231 4119 quibus
1268 4030 1580 4107 ingruente
1609 4040 1944 4109 tempestate
1981 4028 2161 4087 utaris
2199 4025 2275 4083 ad
2307 4026 2524 4083 malum
2561 4021 2683 4080 dif-

531 4130 919 4209 fringeudum.
2270 4132 2278 4141 ⁰
