3050 4884
849 736 1478 855 SATIRA
1551 737 2043 855 NONA.

1321 1040 1573 1053 ...ι-ἠ..-

852 1286 1470 1369 JUVENALIS‚
1521 1286 2055 1355 NAEVOLUS.

1214 1476 1696 1525 IUVENALIS.

394 1598 677 1718 Solu:
712 1644 951 1731 velim,
986 1670 1196 1740 quare
1229 1647 1427 1715 toties
1462 1647 1663 1732 mihi,
1696 1648 2012 1735 Naevole,
2045 1650 2251 1719 tristis

391 1760 728 1827 Occurras
765 1754 992 1825 fronte
1023 1756 1349 1841 obducta,
1379 1780 1504 1824 ceu
1546 1759 1817 1852 Marsya
1851 1759 2087 1828 victus·

391 1868 575 1957 Quid
616 1868 736 1935 tibi
772 1891 927 1935 cum
963 1865 1190 1951 vultu,
1221 1865 1488 1961 qualem
1519 1866 1893 1961 deprensus
1922 1868 2211 1939 habebat

394 1976 685 2061 Ravola,
721 1976 886 2045 dum
923 1975 1291 2069 Rhodopes
1317 1976 1452 2044 uda
1485 1977 1645 2044 terit
1678 1977 1955 2070 inguina
1988 1978 2235 2048 barba?

393 2090 538 2159 Nos
569 2086 932 2180 colaphum
972 2086 1335 2155 incutimus
1369 2085 1697 2153 lambenti
1732 2086 2029 2154 crustula
2055 2111 2267 2157 servo.
2508 2100 2539 2152 5

397 2200 554 2267 Non
588 2196 888 2265 eratbac
921 2194 1092 2264 facie
1126 2194 1576 2263 miserabilior
1604 2197 2008 2289 Crepereius

401 2306 646 2389 Pollio,
681 2305 797 2398 qui
827 2302 1162 2399 triplicem
1197 2326 1470 2371 usuram
1501 2316 1819 2396 praestare
1852 2315 2123 2397 paratus

401 2416 696 2501 Circuit,
727 2430 797 2483 et
823 2412 1046 2483 fatuos
1080 2438 1220 2481 non
1255 2412 1520 2481 invenit
1549 2438 1564 2479 ε
1594 2411 1777 2481 unde
1812 2426 2096 2506 repente

403 2526 536 2593 Tot
567 2522 796 2618 rugae?
825 2536 1008 2591 certe
1039 2521 1310 2590 modico
1342 2537 1706 2591 contentus
1735 2522 1980 2617 agebas

404 2636 706 2703 Vernam
739 2633 1070 2726 equitem,
1104 2632 1388 2700 conviva
1411 2632 1575 2723 joco
1606 2630 1963 2699 mordente
1996 2628 2287 2719 facetus,
2485 2664 2548 2699 10

988 2878 1211 2917 sunu:
1243 2878 1417 2918 ROKB
1445 2876 1962 2918 xnwnnmiss‘rawto.

925 3010 1496 3081 JUVENAL1S,
1568 3010 2032 3069 NAEvoLUS.

495 3151 547 3188 1.
585 3145 741 3187 mv:
761 3131 815 3187 Ο
842 3130 1110 3197 Naevole,
1137 3127 1286 3185 scire
1305 3126 1528 3202 cupiam
1544 3167 1562 3197 ,
1589 3127 1967 3201 quamobrem
1987 3130 2157 3186 toties
2180 3132 2389 3197 obvius
2408 3134 2555 3189 mihi

411 3224 488 3281 sis
511 3234 738 3280 maestus
759 3231 818 3279 et
840 3222 1060 3296 dejecta
1082 3232 1491 3295 contractaque
1508 3219 1703 3277 fronte
1718 3260 1737 3287 ,
1758 3222 1919 3287 velut
1943 3223 2181 3298 Satyrus
2203 3224 2459 3297 Marsyas
2478 3226 2555 3281 ab

412 3316 684 3392 Apolline
717 3325 1050 3390 superatus3
1078 3333 1182 3372 cur
1203 3314 1378 3370 habes
1403 3312 1626 3371 tristem
1652 3314 1907 3381 vultum,
1933 3315 2163 3387 qualem
2188 3314 2287 3371 ille
2308 3317 2555 3393 Ravola,

416 3409 517 3483 qui
541 3408 928 3483 deprehensus
949 3406 1062 3462 fuit
1081 3447 1098 3477 ,
1125 3418 1304 3479 qumn
1330 3403 1573 3480 inguina
1597 3405 1915 3465 meretricis
1937 3406 2253 3480 Rhodopes
2278 3408 2558 3469 lamberet

417 3512 475 3558 et
497 3502 724 3558 madida
751 3500 930 3557 barba
962 3500 1214 3557 tereret?
1237 3516 1345 3555 nec
1373 3498 1665 3555 immerito
1694 3496 1917 3568 timuit;
1942 3516 2189 3570 namque
2210 3510 2319 3555 nos
2348 3520 2551 3576 servo„

418 3592 518 3666 qui
537 3592 734 3647 lambit
761 3602 982 3647 tantum
1000 3591 1285 3659 crustula,
1309 3590 1583 3663 colaphos
1602 3588 1995 3664 impingimus·
2016 3590 2149 3644 Non
2168 3590 2273 3647 bac
2295 3602 2391 3649 tua
2407 3594 2555 3653 facie

417 3683 802 3740 miserabilior
839 3682 949 3738 fuit
977 3680 1318 3757 Crepereius
1346 3680 1565 3752 Pollio,
1596 3700 1777 3757 quum
1806 3680 1975 3736 anxie
2000 3682 2337 3755 quaeritans,
2368 3706 2403 3741 a
2434 3706 2551 3761 quo

419 3776 716 3849 pecuniam
744 3786 1134 3843 mutuaretur,
1153 3774 1559 3849 pollicitusque
1588 3792 1823 3831 usuram
1848 3772 2025 3847 triplo
2056 3774 2331 3847 majorem
2354 3780 2553 3853 solita,

419 3868 706 3923 neminem
734 3879 922 3925 tamen
949 3867 1168 3941 reperit.
1183 3866 1329 3923 adeo
1351 3868 1593 3923 stultum
1608 3906 1627 3938 ‚
1650 3877 1719 3921 ut
1730 3865 1841 3941 ipsi
1863 3884 1984 3923 uon
2000 3868 2264 3925 soluturo
2286 3888 2553 3931 nummos

420 3957 558 4015 dare
581 3970 812 4016 mutuos
843 3958 1002 4015 velit.
1034 3958 1208 4015 Unde
1234 3959 1346 4015 tibi
1370 3970 1461 4016 tot
1491 3978 1649 4036 rugae
1678 3968 1917 4034 repente
1938 3960 2257 4017 venerunt?
2278 3961 2550 4021 hactenus

419 4051 656 4124 quidem
697 4071 878 4126 parvo
916 4060 1220 4109 contentus
1255 4071 1500 4108 vernum
1538 4050 1793 4125 equitem
1824 4050 2165 4121 exhibebas,
2198 4062 2257 4107 et
2288 4054 2552 4111 convivia

414 4142 561 4216 jocis
581 4143 984 4201 mordentibus
1005 4144 1316 4218 sanctisque
1335 4144 1549 4201 salibus
1564 4143 1717 4199 intra
1734 4144 1933 4199 Romae
1950 4140 2157 4220 moenia
2171 4141 2345 4213 natis,
2363 4143 2429 4203 id
2440 4157 2551 4216 est,

2208 4256 2265 4296 1.
