3050 4884
321 380 1579 423 mmmmm
1584 402 1861 428 m

634 605 1307 727 SATIRA
1395 570 2177 744 DECIMA(

1211 886 1545 901 ¹*—

299 1030 677 1151 OMmsz
713 1082 785 1150 in
817 1084 1043 1172 terris,
1075 1109 1225 1179 quae
1259 1101 1416 1155 sunt
1443 1113 1484 1157 a
1516 1092 1821 1165 Gadibus
1847 1116 2059 1196 usque

296 1191 632 1257 Auroram
664 1204 731 1259 et
762 1192 1052 1287 Gangen
1075 1247 1095 1280 ,
1132 1195 1332 1289 pauci
1369 1196 1767 1293 dignoscere
1800 1226 2082 1300 possunt

297 1299 472 1367 Vera
502 1298 710 1387 bona,
749 1316 946 1396 atque
978 1302 1106 1372 illis
1139 1304 1427 1375 multum
1457 1307 1754 1400 diversa,
1789 1333 2045 1388 remota

295 1410 562 1478 Erroris
601 1410 846 1480 nebula
886 1438 902 1479 τ
943 1413 1106 1507 quid
1145 1416 1330 1482 enim
1369 1418 1632 1487 ratione
1670 1421 2020 1517 timemus,

297 1520 436 1587 Aut
463 1521 812 1616 cupimus?
836 1523 1000 1616 quid
1028 1538 1164 1593 tam
1194 1525 1428 1595 dextro
1455 1528 1627 1622 pede
1660 1534 1989 1630 concipiS,
2022 1556 2100 1609 ut
2125 1557 2192 1611 te
2413 1560 2445 1613 5

295 1630 590 1700 Conatus
623 1656 764 1700 non
802 1633 1158 1727 poeniteat,
1196 1636 1474 1731 votique
1508 1642 1760 1733 peracti
1772 1640 1818 1737 i’x

293 1742 612 1811 Evertere
646 1742 882 1810 domos
913 1754 1088 1812 totas
1124 1748 1515 1839 optantibus
1550 1751 1711 1844 ipsis

293 1848 384 1916 Di
419 1848 674 1919 faciles!
715 1852 1026 1921 nocitura
1055 1867 1247 1949 toga,
1281 1859 1595 1929 nocitura
1628 1877 1950 1955 petuntur

295 1958 542 2029 Militia
572 1986 589 2029 ε
627 1976 893 2032 torrens
925 1964 1194 2033 dicendi
1228 1968 1425 2061 copia
1459 1968 1687 2039 multis

293 2072 386 2138 Et
414 2094 532 2139 sua
557 2071 908 2142 mortifera
941 2088 1040 2142 est
1072 2074 1390 2145 facundia
1420 2102 1437 2145 ε
1471 2080 1729 2151 viribus
1762 2079 1870 2151 ille
2384 2131 2449 2166 10

293 2180 604 2250 Confisus
640 2183 846 2275 periit
882 2184 1422 2281 admirandisque
1457 2186 1741 2260 lacertis.

391 2288 522 2357 Sed
557 2288 782 2384 plures
821 2294 1032 2362 nimia
1071 2310 1388 2389 congesta
1421 2298 1716 2390 pecunia
1750 2324 1912 2371 cura

293 2397 708 2493 strangulat,
741 2414 810 2468 et
841 2416 1086 2471 cuncta
1113 2426 1518 2499 exsuperans
1548 2410 1955 2501 patrimonia
1986 2441 2255 2509 censuS,

291 2508 568 2596 Quanto
593 2509 930 2605 delphinis
954 2510 1212 2581 balaena
1237 2515 1629 2587 Britannica
1656 2519 1897 2611 ,maj-or.

841 2697 1068 2734 SATIRAE
1104 2698 1342 2736 DECIHAE
1377 2700 1899 2741 ntrznmuumno.

376 2824 426 2859 1.
470 2806 542 2862 11
571 2803 840 2861 omnibus
864 2815 1152 2861 terrarum
1181 2805 1550 2879 regionibus,
1580 2830 1707 2885 quae
1732 2821 1935 2885 patent
1958 2816 2033 2871 ab
2061 2819 2361 2883 occidente
2378 2840 2439 2885 et

239 2946 244 2949 .
289 2898 586 2967 Gadibus,
618 2914 801 2972 nsque
827 2896 902 2953 ad
929 2896 1210 2955 orientem
1239 2909 1298 2953 et
1328 2900 1623 2975 Gangem,
1655 2920 1870 2976 paucos
1904 2907 2161 2981 reperire
2186 2926 2301 2987 est,
2334 2919 2439 2993 qni

288 3002 444 3048 recte
477 3000 650 3066 atque
684 2988 845 3045 omni
882 2988 1096 3045 nebula
1132 2988 1348 3047 erroris
1381 3003 1603 3049 semota
1640 2992 1960 3066 dijudicare
2000 3002 2263 3077 valeant,
2306 3026 2435 3083 quoe

286 3082 403 3141 sint
433 3084 618 3155 bona,
650 3102 779 3157 quae
807 3083 958 3139 mala
989 3082 1158 3139 valde
1187 3083 1359 3139 honis
1398 3085 1680 3159 opposita.
1718 3088 1944 3158 Quibus
1976 3093 2131 3151 enim
2160 3096 2225 3153 in
2256 3101 2433 3159 rebus

286 3176 575 3251 optandis,
596 3186 698 3232 aut
717 3175 1059 3247 metuendis,
1089 3176 1374 3232 rationem
1395 3175 1695 3251 sequimur
1718 3180 1959 3239 ducem?
1984 3186 2130 3256 Quis
2150 3199 2267 3245 tam
2291 3210 2433 3249 con-

287 3269 534 3326 siderate
547 3309 565 3340 ,
593 3279 711 3325 tam
737 3269 1030 3344 auspicato
1059 3270 1300 3327 molitur
1329 3270 1631 3345 quidpiam
1658 3284 1717 3330 et
1740 3276 2008 3352 suscipit,
2038 3292 2107 3337 ut
2127 3302 2259 3340 enm
2287 3304 2432 3344 con-

284 3360 401 3418 silii
431 3372 490 3419 et
516 3362 606 3419 rei
631 3361 707 3418 ad
736 3361 955 3418 exitum
986 3362 1280 3437 perductae
1310 3382 1434 3419 non
1463 3364 1708 3441 pigeat?
1748 3368 1869 3442 Ipsi
1906 3371 2143 3445 Superi,
2181 3376 2429 3437 nimium
2482 3430 2495 3441 ,

283 3452 618 3510 hominibus
639 3453 970 3527 petentibus
995 3454 1364 3531 indulgentes
1377 3498 1396 3525 ,
1427 3456 1644 3515 dedere
1671 3478 1921 3533 caussas,
1950 3482 2056 3523 cur
2086 3466 2325 3543 integrae
2341 3472 2430 3528 fa-

285 3544 456 3601 miliae
479 3544 970 3603 exscinderentur.
992 3548 1272 3621 Optamus
1295 3559 1420 3605 tum
1436 3548 1495 3603 in
1513 3567 1672 3624 pace,
1691 3562 1815 3609 tum
1832 3553 1894 3609 in
1916 3556 2092 3629 bello,
2111 3578 2237 3633 quae
2256 3565 2429 3623 nobis

283 3636 524 3694 exitium
541 3637 972 3712 perniciemque
995 3640 1365 3698 consciscant.
1393 3643 1637 3699 Plurimi
1660 3644 1741 3701 ob
1768 3646 2157 3722 eloquentiam
2179 3656 2423 3729 periere,

285 3740 348 3787 et
382 3730 460 3785 ob
491 3740 813 3787 torrentem
843 3730 1076 3788 dicendi
1103 3732 1358 3807 copiam3
1391 3736 1691 3807 nonnulli,
1726 3741 1890 3812 quod
1919 3744 2127 3801 robori
2150 3766 2258 3806 suo
2286 3752 2427 3809 bra—

286 3822 543 3899 chiisque
571 3823 786 3881 mirum
811 3824 875 3880 in
900 3824 1142 3882 modum
1168 3826 1374 3883 validis
1394 3828 1639 3885 nimium
1670 3830 2047 3892 confiderent.

371 3934 460 3973 12.
503 3916 622 3973 Sed
649 3917 836 3973 multo
865 3918 1062 3993 plures
1089 3917 1316 3991 perdit,
1351 3932 1412 3977 et
1447 3922 1512 3977 in
1558 3940 1749 3981 caussa
1788 3937 1877 3981 est
1914 3946 2019 3986 cur
2058 3930 2429 4009 jugulentur,

283 4028 464 4085 opum
495 4010 994 4087 congerendarum
1029 4010 1227 4067 insana
1261 4011 1414 4084 sitis,
1457 4024 1516 4069 et
1556 4013 1771 4071 divitiae
1804 4028 1965 4077 tanto
2003 4024 2208 4081 ceteris
2246 4030 2431 4102 patri-

283 4102 493 4161 moniis
518 4103 856 4179 ampliores,
887 4114 1108 4178 quanto
1139 4104 1356 4159 balaena
1382 4104 1559 4161 maris
1586 4104 1901 4167 Britannici
1926 4112 2215 4189 delphinis
2236 4117 2429 4190 maior

2088 4211 2151 4281 4.
