<?xml version="1.0" encoding="UTF-8"?>
<!DOCTYPE html PUBLIC "-//W3C//DTD XHTML 1.0 Transitional//EN"
    "http://www.w3.org/TR/xhtml1/DTD/xhtml1-transitional.dtd">
<html xmlns="http://www.w3.org/1999/xhtml" xml:lang="en" lang="en">
 <head>
  <title>
</title>
<meta http-equiv="Content-Type" content="text/html;charset=utf-8" />
  <meta name='ocr-system' content='tesseract 3.04.00' />
  <meta name='ocr-capabilities' content='ocr_page ocr_carea ocr_par ocr_line ocrx_word'/>
</head>
<body>
  <div class='ocr_page' id='page_1' title='image "./djuniijuvenalis00jouvgoog/djuniijuvenalis00jouvgoog_0244.png"; bbox 0 0 3050 4884; ppageno 0'>
   <div class='ocr_carea' id='block_1_1' title="bbox 609 365 2513 454">
    <p class='ocr_par' dir='ltr' id='par_1_1' title="bbox 609 365 2513 454">
     <span class='ocr_line' id='line_1_1' title="bbox 609 365 2513 454; baseline -0.002 -17"><span class='ocrx_word' id='word_1_1' title='bbox 609 365 955 437; x_wconf 74' lang='lat' dir='ltr'><strong>SATIRAE</strong></span> <span class='ocrx_word' id='word_1_2' title='bbox 1003 367 1370 436; x_wconf 86' lang='lat' dir='ltr'>DECIMAE</span> <span class='ocrx_word' id='word_1_3' title='bbox 1413 365 1775 433; x_wconf 83' lang='lat' dir='ltr'><strong>TERTIAE</strong></span> <span class='ocrx_word' id='word_1_4' title='bbox 1820 365 2261 434; x_wconf 86' lang='lat' dir='ltr'><strong>ANALYSIS.</strong></span> <span class='ocrx_word' id='word_1_5' title='bbox 2386 367 2513 454; x_wconf 84' lang='lat'><strong>239</strong></span> 
     </span>
    </p>
   </div>
   <div class='ocr_carea' id='block_1_2' title="bbox 634 803 2255 947">
    <p class='ocr_par' dir='ltr' id='par_1_2' title="bbox 634 803 2255 947">
     <span class='ocr_line' id='line_1_2' title="bbox 634 803 2255 947; baseline -0.002 0"><span class='ocrx_word' id='word_1_6' title='bbox 634 859 1108 947; x_wconf 86' lang='lat' dir='ltr'><strong>SATIRAE</strong></span> <span class='ocrx_word' id='word_1_7' title='bbox 1179 859 1695 947; x_wconf 85' lang='lat' dir='ltr'>DECIMAE</span> <span class='ocrx_word' id='word_1_8' title='bbox 1760 803 2255 944; x_wconf 80' lang='lat' dir='ltr'><strong>TERTIAE</strong></span> 
     </span>
    </p>
   </div>
   <div class='ocr_carea' id='block_1_3' title="bbox 1238 1057 1657 1112">
    <p class='ocr_par' dir='ltr' id='par_1_3' title="bbox 1238 1057 1657 1112">
     <span class='ocr_line' id='line_1_3' title="bbox 1238 1057 1657 1112; baseline 0.01 -4"><span class='ocrx_word' id='word_1_9' title='bbox 1238 1057 1657 1112; x_wconf 80' lang='lat' dir='ltr'><strong>ANALYSIS.</strong></span> 
     </span>
    </p>
   </div>
   <div class='ocr_carea' id='block_1_4' title="bbox 366 1279 2523 1569">
    <p class='ocr_par' dir='ltr' id='par_1_4' title="bbox 366 1279 2523 1569">
     <span class='ocr_line' id='line_1_4' title="bbox 447 1279 2520 1360; baseline -0 -19"><span class='ocrx_word' id='word_1_10' title='bbox 447 1282 637 1342; x_wconf 85' lang='lat' dir='ltr'><strong>Satira</strong></span> <span class='ocrx_word' id='word_1_11' title='bbox 674 1279 908 1360; x_wconf 83' lang='lat' dir='ltr'><strong>egregia</strong></span> <span class='ocrx_word' id='word_1_12' title='bbox 957 1292 1015 1338; x_wconf 91' lang='lat' dir='ltr'><strong>et</strong></span> <span class='ocrx_word' id='word_1_13' title='bbox 1059 1282 1230 1358; x_wconf 87' lang='lat' dir='ltr'><strong>plena</strong></span> <span class='ocrx_word' id='word_1_14' title='bbox 1270 1281 1400 1338; x_wconf 88' lang='lat' dir='ltr'><strong>salis</strong></span> <span class='ocrx_word' id='word_1_15' title='bbox 1453 1279 1984 1355; x_wconf 80' lang='lat' dir='ltr'><strong>sententiarumque</strong></span> <span class='ocrx_word' id='word_1_16' title='bbox 2034 1279 2520 1358; x_wconf 79' lang='lat' dir='ltr'><strong>gravissimarum.</strong></span> 
     </span>
     <span class='ocr_line' id='line_1_5' title="bbox 367 1385 2523 1461; baseline 0 -16"><span class='ocrx_word' id='word_1_17' title='bbox 367 1387 799 1445; x_wconf 67' lang='lat' dir='ltr'><strong>Consolationis</strong></span> <span class='ocrx_word' id='word_1_18' title='bbox 819 1387 988 1442; x_wconf 80' lang='lat' dir='ltr'><strong>etiam</strong></span> <span class='ocrx_word' id='word_1_19' title='bbox 1007 1397 1383 1443; x_wconf 86' lang='lat' dir='ltr'><strong>monumenta</strong></span> <span class='ocrx_word' id='word_1_20' title='bbox 1403 1385 1686 1461; x_wconf 86' lang='lat' dir='ltr'><strong>proponit</strong></span> <span class='ocrx_word' id='word_1_21' title='bbox 1706 1385 2182 1460; x_wconf 80' lang='lat' dir='ltr'><strong>exquisitissima,</strong></span> <span class='ocrx_word' id='word_1_22' title='bbox 2205 1397 2265 1444; x_wconf 92' lang='lat' dir='ltr'><strong>et</strong></span> <span class='ocrx_word' id='word_1_23' title='bbox 2291 1387 2369 1445; x_wconf 86' lang='lat' dir='ltr'><strong>ad</strong></span> <span class='ocrx_word' id='word_1_24' title='bbox 2387 1390 2523 1446; x_wconf 79' lang='lat' dir='ltr'><strong>vul-</strong></span> 
     </span>
     <span class='ocr_line' id='line_1_6' title="bbox 366 1488 2523 1569; baseline 0 -19"><span class='ocrx_word' id='word_1_25' title='bbox 366 1513 480 1550; x_wconf 88' lang='lat' dir='ltr'><strong>nus</strong></span> <span class='ocrx_word' id='word_1_26' title='bbox 527 1490 754 1548; x_wconf 84' lang='lat' dir='ltr'><strong>Calvini</strong></span> <span class='ocrx_word' id='word_1_27' title='bbox 789 1491 1108 1547; x_wconf 87' lang='lat' dir='ltr'><strong>sanandum</strong></span> <span class='ocrx_word' id='word_1_28' title='bbox 1143 1488 1549 1548; x_wconf 82' lang='lat' dir='ltr'><strong>efficacissima.</strong></span> <span class='ocrx_word' id='word_1_29' title='bbox 1592 1490 1808 1547; x_wconf 89' lang='lat' dir='ltr'><strong>Eadem</strong></span> <span class='ocrx_word' id='word_1_30' title='bbox 1837 1490 2127 1567; x_wconf 87' lang='lat' dir='ltr'><strong>aptissima</strong></span> <span class='ocrx_word' id='word_1_31' title='bbox 2164 1511 2400 1569; x_wconf 86' lang='lat' dir='ltr'><strong>quoque</strong></span> <span class='ocrx_word' id='word_1_32' title='bbox 2434 1505 2523 1552; x_wconf 88' lang='lat' dir='ltr'><strong>est</strong></span> 
     </span>
    </p>
   </div>
   <div class='ocr_carea' id='block_1_5' title="bbox 368 1585 2527 1771">
    <p class='ocr_par' dir='ltr' id='par_1_5' title="bbox 368 1585 2527 1759">
     <span class='ocr_line' id='line_1_7' title="bbox 368 1585 2525 1676; baseline 0.001 -21"><span class='ocrx_word' id='word_1_33' title='bbox 368 1596 604 1676; x_wconf 90' lang='lat' dir='ltr'><strong>ingenio</strong></span> <span class='ocrx_word' id='word_1_34' title='bbox 651 1596 901 1654; x_wconf 84' lang='lat' dir='ltr'><strong>satiric0.</strong></span> <span class='ocrx_word' id='word_1_35' title='bbox 945 1585 1152 1671; x_wconf 82' lang='lat' dir='ltr'><strong>Neque</strong></span> <span class='ocrx_word' id='word_1_36' title='bbox 1198 1595 1353 1653; x_wconf 88' lang='lat' dir='ltr'><strong>enim</strong></span> <span class='ocrx_word' id='word_1_37' title='bbox 1393 1606 1568 1672; x_wconf 85' lang='lat' dir='ltr'><strong>poeta</strong></span> <span class='ocrx_word' id='word_1_38' title='bbox 1609 1595 1797 1652; x_wconf 89' lang='lat' dir='ltr'><strong>eidem</strong></span> <span class='ocrx_word' id='word_1_39' title='bbox 1840 1596 2109 1674; x_wconf 82' lang='lat' dir='ltr'><strong>indulget</strong></span> <span class='ocrx_word' id='word_1_40' title='bbox 2144 1597 2369 1672; x_wconf 89' lang='lat' dir='ltr'><strong>dolori,</strong></span> <span class='ocrx_word' id='word_1_41' title='bbox 2415 1619 2525 1657; x_wconf 86' lang='lat' dir='ltr'><strong>nec</strong></span> 
     </span>
     <span class='ocr_line' id='line_1_8' title="bbox 368 1698 2527 1771; baseline 0 -14"><span class='ocrx_word' id='word_1_42' title='bbox 368 1702 534 1758; x_wconf 88' lang='lat' dir='ltr'><strong>molli</strong></span> <span class='ocrx_word' id='word_1_43' title='bbox 557 1700 770 1757; x_wconf 82' lang='lat' dir='ltr'><strong>affectu</strong></span> <span class='ocrx_word' id='word_1_44' title='bbox 799 1700 1053 1756; x_wconf 84' lang='lat' dir='ltr'><strong>insinuat</strong></span> <span class='ocrx_word' id='word_1_45' title='bbox 1083 1719 1142 1756; x_wconf 90' lang='lat' dir='ltr'><strong>se</strong></span> <span class='ocrx_word' id='word_1_46' title='bbox 1169 1699 1231 1755; x_wconf 91' lang='lat' dir='ltr'><strong>in</strong></span> <span class='ocrx_word' id='word_1_47' title='bbox 1261 1699 1486 1756; x_wconf 84' lang='lat' dir='ltr'><strong>tristem</strong></span> <span class='ocrx_word' id='word_1_48' title='bbox 1515 1698 1684 1755; x_wconf 89' lang='lat' dir='ltr'><strong>amici</strong></span> <span class='ocrx_word' id='word_1_49' title='bbox 1715 1698 2007 1771; x_wconf 83' lang='lat' dir='ltr'><strong>animum,</strong></span> <span class='ocrx_word' id='word_1_50' title='bbox 2038 1701 2141 1758; x_wconf 88' lang='lat' dir='ltr'><strong>sed</strong></span> <span class='ocrx_word' id='word_1_51' title='bbox 2170 1702 2382 1759; x_wconf 86' lang='lat' dir='ltr'><strong>acriter</strong></span> <span class='ocrx_word' id='word_1_52' title='bbox 2411 1703 2527 1759; x_wconf 90' lang='lat' dir='ltr'><strong>ob-</strong></span> 
     </span>
    </p>
   </div>
   <div class='ocr_carea' id='block_1_6' title="bbox 364 1803 2529 2304">
    <p class='ocr_par' dir='ltr' id='par_1_6' title="bbox 364 1803 2529 2304">
     <span class='ocr_line' id='line_1_9' title="bbox 364 1803 2529 1883; baseline -0.001 -19"><span class='ocrx_word' id='word_1_53' title='bbox 364 1809 561 1883; x_wconf 81' lang='lat' dir='ltr'><strong>jurgat</strong></span> <span class='ocrx_word' id='word_1_54' title='bbox 593 1826 753 1878; x_wconf 88' lang='lat' dir='ltr'><strong>eum,</strong></span> <span class='ocrx_word' id='word_1_55' title='bbox 801 1805 997 1881; x_wconf 90' lang='lat' dir='ltr'><strong>quod,</strong></span> <span class='ocrx_word' id='word_1_56' title='bbox 1036 1825 1216 1880; x_wconf 89' lang='lat' dir='ltr'><strong>quum</strong></span> <span class='ocrx_word' id='word_1_57' title='bbox 1251 1805 1344 1861; x_wconf 82' lang='lat' dir='ltr'><strong>vir</strong></span> <span class='ocrx_word' id='word_1_58' title='bbox 1376 1805 1648 1880; x_wconf 86' lang='lat' dir='ltr'><strong>idemque</strong></span> <span class='ocrx_word' id='word_1_59' title='bbox 1681 1803 1841 1861; x_wconf 80' lang='lat' dir='ltr'><strong>dives</strong></span> <span class='ocrx_word' id='word_1_60' title='bbox 1878 1823 1945 1860; x_wconf 84' lang='lat' dir='ltr'><strong>ac</strong></span> <span class='ocrx_word' id='word_1_61' title='bbox 1971 1804 2092 1878; x_wconf 81' lang='lat' dir='ltr'><strong>jam</strong></span> <span class='ocrx_word' id='word_1_62' title='bbox 2122 1823 2295 1862; x_wconf 84' lang='lat' dir='ltr'><strong>senex</strong></span> <span class='ocrx_word' id='word_1_63' title='bbox 2326 1805 2427 1878; x_wconf 91' lang='lat' dir='ltr'><strong>sit,</strong></span> <span class='ocrx_word' id='word_1_64' title='bbox 2467 1814 2529 1863; x_wconf 83' lang='lat' dir='ltr'><strong>et</strong></span> 
     </span>
     <span class='ocr_line' id='line_1_10' title="bbox 367 1908 2527 1988; baseline 0 -20"><span class='ocrx_word' id='word_1_65' title='bbox 367 1912 612 1988; x_wconf 85' lang='lat' dir='ltr'><strong>perditis</strong></span> <span class='ocrx_word' id='word_1_66' title='bbox 633 1913 793 1968; x_wconf 80' lang='lat' dir='ltr'><strong>vivat</strong></span> <span class='ocrx_word' id='word_1_67' title='bbox 828 1909 1222 1985; x_wconf 85' lang='lat' dir='ltr'><strong>temporibus,</strong></span> <span class='ocrx_word' id='word_1_68' title='bbox 1262 1927 1384 1965; x_wconf 92' lang='lat' dir='ltr'><strong>non</strong></span> <span class='ocrx_word' id='word_1_69' title='bbox 1414 1908 1666 1966; x_wconf 77' lang='lat' dir='ltr'><strong>viriliter</strong></span> <span class='ocrx_word' id='word_1_70' title='bbox 1696 1910 1881 1966; x_wconf 82' lang='lat' dir='ltr'><strong>levem</strong></span> <span class='ocrx_word' id='word_1_71' title='bbox 1913 1909 2059 1966; x_wconf 81' lang='lat' dir='ltr'><strong>serat</strong></span> <span class='ocrx_word' id='word_1_72' title='bbox 2078 1910 2396 1985; x_wconf 82' lang='lat' dir='ltr'><strong>jacturam,</strong></span> <span class='ocrx_word' id='word_1_73' title='bbox 2423 1911 2527 1969; x_wconf 89' lang='lat' dir='ltr'><strong>sed</strong></span> 
     </span>
     <span class='ocr_line' id='line_1_11' title="bbox 370 2011 2527 2094; baseline -0.001 -19"><span class='ocrx_word' id='word_1_74' title='bbox 370 2018 732 2076; x_wconf 85' lang='lat' dir='ltr'><strong>muliebriter</strong></span> <span class='ocrx_word' id='word_1_75' title='bbox 765 2011 1130 2094; x_wconf 78' lang='lat' dir='ltr'><strong>ingemiscat,</strong></span> <span class='ocrx_word' id='word_1_76' title='bbox 1182 2017 1278 2073; x_wconf 82' lang='lat' dir='ltr'><strong>vel</strong></span> <span class='ocrx_word' id='word_1_77' title='bbox 1321 2015 1595 2074; x_wconf 80' lang='lat' dir='ltr'><strong>vindictae</strong></span> <span class='ocrx_word' id='word_1_78' title='bbox 1632 2014 1845 2071; x_wconf 86' lang='lat' dir='ltr'><strong>ardeat‘</strong></span> <span class='ocrx_word' id='word_1_79' title='bbox 1874 2013 2221 2088; x_wconf 85' lang='lat' dir='ltr'><strong>cupiditate,</strong></span> <span class='ocrx_word' id='word_1_80' title='bbox 2272 2035 2385 2092; x_wconf 85' lang='lat' dir='ltr'><strong>qua</strong></span> <span class='ocrx_word' id='word_1_81' title='bbox 2431 2035 2527 2074; x_wconf 87' lang='lat' dir='ltr'><strong>res</strong></span> 
     </span>
     <span class='ocr_line' id='line_1_12' title="bbox 367 2119 2520 2199; baseline -0 -19"><span class='ocrx_word' id='word_1_82' title='bbox 367 2124 582 2182; x_wconf 81' lang='lat' dir='ltr'><strong>amissae</strong></span> <span class='ocrx_word' id='word_1_83' title='bbox 630 2143 754 2181; x_wconf 90' lang='grc' dir='ltr'><strong>ιιοιι</strong></span> <span class='ocrx_word' id='word_1_84' title='bbox 802 2134 1180 2199; x_wconf 87' lang='lat' dir='ltr'><strong>reparentur,</strong></span> <span class='ocrx_word' id='word_1_85' title='bbox 1230 2139 1420 2198; x_wconf 88' lang='lat' dir='ltr'><strong>neque</strong></span> <span class='ocrx_word' id='word_1_86' title='bbox 1469 2129 1704 2196; x_wconf 89' lang='lat' dir='ltr'><strong>reputet</strong></span> <span class='ocrx_word' id='word_1_87' title='bbox 1750 2119 2062 2196; x_wconf 79' lang='lat' dir='ltr'><strong>videatque</strong></span> <span class='ocrx_word' id='word_1_88' title='bbox 2084 2162 2101 2193; x_wconf 92' lang='lat'><strong>,</strong></span> <span class='ocrx_word' id='word_1_89' title='bbox 2158 2120 2281 2178; x_wconf 88' lang='lat' dir='ltr'><strong>aliis</strong></span> <span class='ocrx_word' id='word_1_90' title='bbox 2332 2122 2520 2179; x_wconf 90' lang='lat' dir='ltr'><strong>multo</strong></span> 
     </span>
     <span class='ocr_line' id='line_1_13' title="bbox 369 2227 2527 2304; baseline 0 -19"><span class='ocrx_word' id='word_1_91' title='bbox 369 2229 696 2302; x_wconf 73' lang='lat' dir='ltr'><strong>acerbiora,</strong></span> <span class='ocrx_word' id='word_1_92' title='bbox 730 2248 902 2304; x_wconf 86' lang='lat' dir='ltr'><strong>quam</strong></span> <span class='ocrx_word' id='word_1_93' title='bbox 932 2228 1076 2304; x_wconf 90' lang='lat' dir='ltr'><strong>ipsi,</strong></span> <span class='ocrx_word' id='word_1_94' title='bbox 1116 2228 1403 2285; x_wconf 86' lang='lat' dir='ltr'><strong>accidisse.</strong></span> <span class='ocrx_word' id='word_1_95' title='bbox 1433 2227 1581 2284; x_wconf 91' lang='lat' dir='ltr'><strong>Inde</strong></span> <span class='ocrx_word' id='word_1_96' title='bbox 1609 2227 1967 2284; x_wconf 88' lang='lat' dir='ltr'><strong>occasionem</strong></span> <span class='ocrx_word' id='word_1_97' title='bbox 1997 2227 2178 2303; x_wconf 88' lang='lat' dir='ltr'><strong>petit,</strong></span> <span class='ocrx_word' id='word_1_98' title='bbox 2213 2239 2527 2303; x_wconf 87' lang='lat' dir='ltr'><strong>corruptos</strong></span> 
     </span>
    </p>
   </div>
   <div class='ocr_carea' id='block_1_7' title="bbox 369 2332 2527 2511">
    <p class='ocr_par' dir='ltr' id='par_1_7' title="bbox 369 2332 2527 2511">
     <span class='ocr_line' id='line_1_14' title="bbox 369 2332 2525 2410; baseline 0 -18"><span class='ocrx_word' id='word_1_99' title='bbox 369 2335 546 2392; x_wconf 87' lang='lat' dir='ltr'><strong>seculi</strong></span> <span class='ocrx_word' id='word_1_100' title='bbox 578 2335 668 2392; x_wconf 87' lang='lat' dir='ltr'><strong>sui</strong></span> <span class='ocrx_word' id='word_1_101' title='bbox 697 2354 920 2408; x_wconf 88' lang='lat' dir='ltr'><strong>mores,</strong></span> <span class='ocrx_word' id='word_1_102' title='bbox 949 2355 980 2390; x_wconf 88' lang='lat' dir='ltr'><strong>a</strong></span> <span class='ocrx_word' id='word_1_103' title='bbox 1001 2333 1204 2409; x_wconf 83' lang='lat' dir='ltr'><strong>priscis</strong></span> <span class='ocrx_word' id='word_1_104' title='bbox 1233 2334 1402 2390; x_wconf 80' lang='lat' dir='ltr'><strong>valde</strong></span> <span class='ocrx_word' id='word_1_105' title='bbox 1425 2332 1716 2403; x_wconf 78' lang='lat' dir='ltr'><strong>diversos,</strong></span> <span class='ocrx_word' id='word_1_106' title='bbox 1736 2333 2109 2407; x_wconf 86' lang='lat' dir='ltr'><strong>ineptamque</strong></span> <span class='ocrx_word' id='word_1_107' title='bbox 2138 2333 2525 2410; x_wconf 81' lang='lat' dir='ltr'><strong>theologiam,</strong></span> 
     </span>
     <span class='ocr_line' id='line_1_15' title="bbox 369 2433 2527 2511; baseline -0.003 -23"><span class='ocrx_word' id='word_1_108' title='bbox 369 2447 648 2506; x_wconf 74' lang='lat' dir='ltr'><strong>tanquam</strong></span> <span class='ocrx_word' id='word_1_109' title='bbox 684 2437 1032 2504; x_wconf 83' lang='lat' dir='ltr'><strong>praecipuam</strong></span> <span class='ocrx_word' id='word_1_110' title='bbox 1062 2434 1452 2504; x_wconf 82' lang='lat' dir='ltr'><strong>improbitatis</strong></span> <span class='ocrx_word' id='word_1_111' title='bbox 1477 2449 1729 2486; x_wconf 85' lang='lat' dir='ltr'><strong>caussam</strong></span> <span class='ocrx_word' id='word_1_112' title='bbox 1750 2472 1768 2503; x_wconf 91' lang='lat'>‚</span> <span class='ocrx_word' id='word_1_113' title='bbox 1799 2433 2059 2488; x_wconf 85' lang='lat' dir='ltr'><strong>notandi.</strong></span> <span class='ocrx_word' id='word_1_114' title='bbox 2092 2465 2171 2478; x_wconf 89' lang='lat'><strong>-—</strong></span> <span class='ocrx_word' id='word_1_115' title='bbox 2197 2437 2401 2511; x_wconf 82' lang='lat' dir='ltr'><strong>Neque</strong></span> <span class='ocrx_word' id='word_1_116' title='bbox 2433 2449 2527 2494; x_wconf 70' lang='lat' dir='ltr'><strong>ta..</strong></span> 
     </span>
    </p>
   </div>
   <div class='ocr_carea' id='block_1_8' title="bbox 367 2532 2528 4202">
    <p class='ocr_par' dir='ltr' id='par_1_8' title="bbox 367 2532 2528 4202">
     <span class='ocr_line' id='line_1_16' title="bbox 367 2532 2527 2616; baseline 0.002 -22"><span class='ocrx_word' id='word_1_117' title='bbox 367 2557 503 2596; x_wconf 89' lang='lat' dir='ltr'><strong>men</strong></span> <span class='ocrx_word' id='word_1_118' title='bbox 531 2535 859 2605; x_wconf 79' lang='lat' dir='ltr'><strong>dissimulo,</strong></span> <span class='ocrx_word' id='word_1_119' title='bbox 887 2553 1014 2610; x_wconf 82' lang='lat' dir='ltr'><strong>quae</strong></span> <span class='ocrx_word' id='word_1_120' title='bbox 1049 2553 1254 2591; x_wconf 81' lang='lat' dir='ltr'><strong>severo</strong></span> <span class='ocrx_word' id='word_1_121' title='bbox 1277 2534 1463 2610; x_wconf 83' lang='lat' dir='ltr'><strong>judici</strong></span> <span class='ocrx_word' id='word_1_122' title='bbox 1497 2532 1562 2589; x_wconf 88' lang='lat' dir='ltr'><strong>in</strong></span> <span class='ocrx_word' id='word_1_123' title='bbox 1589 2535 1695 2591; x_wconf 85' lang='lat' dir='ltr'><strong>hac</strong></span> <span class='ocrx_word' id='word_1_124' title='bbox 1720 2533 1891 2592; x_wconf 88' lang='lat' dir='ltr'><strong>satira</strong></span> <span class='ocrx_word' id='word_1_125' title='bbox 1926 2537 2233 2610; x_wconf 87' lang='lat' dir='ltr'><strong>displicere</strong></span> <span class='ocrx_word' id='word_1_126' title='bbox 2267 2539 2527 2616; x_wconf 85' lang='lat' dir='ltr'><strong>possint,</strong></span> 
     </span>
     <span class='ocr_line' id='line_1_17' title="bbox 369 2638 2528 2717; baseline 0 -16"><span class='ocrx_word' id='word_1_127' title='bbox 369 2655 427 2700; x_wconf 90' lang='lat' dir='ltr'><strong>et</strong></span> <span class='ocrx_word' id='word_1_128' title='bbox 457 2641 608 2699; x_wconf 79' lang='lat' dir='ltr'><strong>naevi</strong></span> <span class='ocrx_word' id='word_1_129' title='bbox 635 2640 750 2697; x_wconf 89' lang='lat' dir='ltr'><strong>sint</strong></span> <span class='ocrx_word' id='word_1_130' title='bbox 773 2638 1009 2714; x_wconf 85' lang='lat' dir='ltr'><strong>corpori</strong></span> <span class='ocrx_word' id='word_1_131' title='bbox 1030 2639 1266 2716; x_wconf 87' lang='lat' dir='ltr'><strong>egregio</strong></span> <span class='ocrx_word' id='word_1_132' title='bbox 1295 2638 1562 2713; x_wconf 87' lang='lat' dir='ltr'><strong>inspersi.</strong></span> <span class='ocrx_word' id='word_1_133' title='bbox 1592 2639 1850 2695; x_wconf 87' lang='lat' dir='ltr'><strong>Primum</strong></span> <span class='ocrx_word' id='word_1_134' title='bbox 1875 2641 2029 2696; x_wconf 87' lang='lat' dir='ltr'><strong>enim</strong></span> <span class='ocrx_word' id='word_1_135' title='bbox 2058 2641 2528 2717; x_wconf 83' lang='lat' dir='ltr'><strong>gravissimarum</strong></span> 
     </span>
     <span class='ocr_line' id='line_1_18' title="bbox 369 2743 2521 2832; baseline 0 -24"><span class='ocrx_word' id='word_1_136' title='bbox 369 2751 456 2808; x_wconf 79' lang='lat' dir='ltr'><strong>vis</strong></span> <span class='ocrx_word' id='word_1_137' title='bbox 502 2745 917 2806; x_wconf 76' lang='lat' dir='ltr'><strong>sententiarum</strong></span> <span class='ocrx_word' id='word_1_138' title='bbox 955 2747 1168 2823; x_wconf 85' lang='lat' dir='ltr'><strong>passim</strong></span> <span class='ocrx_word' id='word_1_139' title='bbox 1205 2743 1324 2824; x_wconf 82' lang='lat' dir='ltr'><strong>(vs.</strong></span> <span class='ocrx_word' id='word_1_140' title='bbox 1369 2747 1440 2802; x_wconf 80' lang='lat'><strong>23</strong></span> <span class='ocrx_word' id='word_1_141' title='bbox 1486 2765 1607 2822; x_wconf 89' lang='lat' dir='ltr'><strong>seq.</strong></span> <span class='ocrx_word' id='word_1_142' title='bbox 1652 2755 1729 2814; x_wconf 76' lang='grc'><strong>40</strong></span> <span class='ocrx_word' id='word_1_143' title='bbox 1766 2765 1883 2823; x_wconf 90' lang='lat' dir='ltr'><strong>seq.</strong></span> <span class='ocrx_word' id='word_1_144' title='bbox 1924 2747 2001 2804; x_wconf 81' lang='lat'><strong>62</strong></span> <span class='ocrx_word' id='word_1_145' title='bbox 2042 2768 2161 2824; x_wconf 88' lang='lat' dir='ltr'><strong>seq.</strong></span> <span class='ocrx_word' id='word_1_146' title='bbox 2210 2750 2322 2806; x_wconf 76' lang='lat'><strong>162</strong></span> <span class='ocrx_word' id='word_1_147' title='bbox 2363 2751 2521 2832; x_wconf 87' lang='lat' dir='ltr'><strong>seq.)</strong></span> 
     </span>
     <span class='ocr_line' id='line_1_19' title="bbox 369 2843 2526 2930; baseline 0.001 -18"><span class='ocrx_word' id='word_1_148' title='bbox 369 2855 756 2912; x_wconf 87' lang='lat' dir='ltr'><strong>ostentatione</strong></span> <span class='ocrx_word' id='word_1_149' title='bbox 799 2852 971 2923; x_wconf 87' lang='lat' dir='ltr'><strong>artis,</strong></span> <span class='ocrx_word' id='word_1_150' title='bbox 1013 2863 1072 2909; x_wconf 93' lang='lat' dir='ltr'><strong>et</strong></span> <span class='ocrx_word' id='word_1_151' title='bbox 1113 2852 1521 2928; x_wconf 80' lang='lat' dir='ltr'><strong>intempestiva</strong></span> <span class='ocrx_word' id='word_1_152' title='bbox 1560 2851 1830 2908; x_wconf 85' lang='lat' dir='ltr'><strong>doctrina</strong></span> <span class='ocrx_word' id='word_1_153' title='bbox 1874 2843 1939 2909; x_wconf 80' lang='lat' dir='ltr'><strong>ac</strong></span> <span class='ocrx_word' id='word_1_154' title='bbox 1983 2852 2195 2930; x_wconf 77' lang='lat' dir='ltr'><strong>frigida</strong></span> <span class='ocrx_word' id='word_1_155' title='bbox 2245 2854 2526 2916; x_wconf 85' lang='lat' dir='ltr'><strong>declama—</strong></span> 
     </span>
     <span class='ocr_line' id='line_1_20' title="bbox 371 2957 2528 3036; baseline 0.002 -19"><span class='ocrx_word' id='word_1_156' title='bbox 371 2958 530 3017; x_wconf 87' lang='lat' dir='ltr'><strong>tione</strong></span> <span class='ocrx_word' id='word_1_157' title='bbox 556 2958 912 3036; x_wconf 81' lang='lat' dir='ltr'><strong>infringitur.</strong></span> <span class='ocrx_word' id='word_1_158' title='bbox 949 2957 1176 3014; x_wconf 88' lang='lat' dir='ltr'><strong>Deinde</strong></span> <span class='ocrx_word' id='word_1_159' title='bbox 1203 2957 1430 3034; x_wconf 87' lang='lat' dir='ltr'><strong>ingrata</strong></span> <span class='ocrx_word' id='word_1_160' title='bbox 1455 2969 1542 3014; x_wconf 89' lang='lat' dir='ltr'><strong>est</strong></span> <span class='ocrx_word' id='word_1_161' title='bbox 1568 2957 1903 3015; x_wconf 84' lang='lat' dir='ltr'><strong>earumdem</strong></span> <span class='ocrx_word' id='word_1_162' title='bbox 1925 2957 2047 3016; x_wconf 86' lang='lat' dir='ltr'><strong>fere</strong></span> <span class='ocrx_word' id='word_1_163' title='bbox 2074 2979 2271 3026; x_wconf 79' lang='lat' dir='ltr'><strong>rerum</strong></span> <span class='ocrx_word' id='word_1_164' title='bbox 2294 2975 2528 3021; x_wconf 85' lang='lat' dir='ltr'><strong>senten-</strong></span> 
     </span>
     <span class='ocr_line' id='line_1_21' title="bbox 369 3062 2527 3148; baseline 0.003 -27"><span class='ocrx_word' id='word_1_165' title='bbox 369 3065 696 3137; x_wconf 88' lang='lat' dir='ltr'><strong>tiarumque</strong></span> <span class='ocrx_word' id='word_1_166' title='bbox 725 3062 997 3138; x_wconf 87' lang='lat' dir='ltr'><strong>repetitio</strong></span> <span class='ocrx_word' id='word_1_167' title='bbox 1021 3081 1104 3118; x_wconf 82' lang='lat' dir='ltr'><strong>vs.</strong></span> <span class='ocrx_word' id='word_1_168' title='bbox 1145 3081 1220 3138; x_wconf 87' lang='lat'><strong>19</strong></span> <span class='ocrx_word' id='word_1_169' title='bbox 1243 3081 1360 3137; x_wconf 86' lang='lat' dir='ltr'><strong>seq.</strong></span> <span class='ocrx_word' id='word_1_170' title='bbox 1401 3071 1460 3118; x_wconf 86' lang='lat' dir='ltr'><strong>et</strong></span> <span class='ocrx_word' id='word_1_171' title='bbox 1497 3081 1609 3119; x_wconf 79' lang='lat'><strong>120</strong></span> <span class='ocrx_word' id='word_1_172' title='bbox 1636 3082 1755 3138; x_wconf 85' lang='lat' dir='ltr'><strong>seq.</strong></span> <span class='ocrx_word' id='word_1_173' title='bbox 1782 3083 1868 3121; x_wconf 79' lang='lat' dir='ltr'><strong>vs.</strong></span> <span class='ocrx_word' id='word_1_174' title='bbox 1902 3066 1975 3122; x_wconf 80' lang='lat'><strong>23</strong></span> <span class='ocrx_word' id='word_1_175' title='bbox 2006 3085 2126 3142; x_wconf 88' lang='lat' dir='ltr'><strong>seq.</strong></span> <span class='ocrx_word' id='word_1_176' title='bbox 2156 3079 2215 3124; x_wconf 88' lang='lat' dir='ltr'><strong>et</strong></span> <span class='ocrx_word' id='word_1_177' title='bbox 2256 3070 2369 3126; x_wconf 75' lang='lat'><strong>126</strong></span> <span class='ocrx_word' id='word_1_178' title='bbox 2399 3089 2527 3148; x_wconf 78' lang='lat' dir='ltr'><strong>seq.</strong></span> 
     </span>
     <span class='ocr_line' id='line_1_22' title="bbox 369 3166 2521 3254; baseline 0.003 -26"><span class='ocrx_word' id='word_1_179' title='bbox 369 3173 652 3228; x_wconf 72' lang='lat' dir='ltr'><strong>Praeterea</strong></span> <span class='ocrx_word' id='word_1_180' title='bbox 676 3169 828 3227; x_wconf 92' lang='lat' dir='ltr'><strong>ordo</strong></span> <span class='ocrx_word' id='word_1_181' title='bbox 862 3186 1060 3225; x_wconf 87' lang='lat' dir='ltr'><strong>rerum</strong></span> <span class='ocrx_word' id='word_1_182' title='bbox 1096 3166 1470 3223; x_wconf 73' lang='lat' dir='ltr'><strong>dIcendarum</strong></span> <span class='ocrx_word' id='word_1_183' title='bbox 1497 3185 1917 3244; x_wconf 82' lang='lat' dir='ltr'><strong>nonnunquam</strong></span> <span class='ocrx_word' id='word_1_184' title='bbox 1952 3175 2361 3248; x_wconf 83' lang='lat' dir='ltr'><strong>perturbatur,</strong></span> <span class='ocrx_word' id='word_1_185' title='bbox 2387 3196 2436 3234; x_wconf 90' lang='lat' dir='ltr'><strong>e.</strong></span> <span class='ocrx_word' id='word_1_186' title='bbox 2462 3197 2521 3254; x_wconf 82' lang='lat' dir='ltr'><strong>g.</strong></span> 
     </span>
     <span class='ocr_line' id='line_1_23' title="bbox 367 3271 2523 3354; baseline 0.003 -23"><span class='ocrx_word' id='word_1_187' title='bbox 367 3294 454 3331; x_wconf 75' lang='lat' dir='ltr'><strong>vs.</strong></span> <span class='ocrx_word' id='word_1_188' title='bbox 511 3293 620 3350; x_wconf 86' lang='lat'><strong>199</strong></span> <span class='ocrx_word' id='word_1_189' title='bbox 659 3292 778 3348; x_wconf 90' lang='lat' dir='ltr'><strong>seq.</strong></span> <span class='ocrx_word' id='word_1_190' title='bbox 819 3271 924 3328; x_wconf 88' lang='lat' dir='ltr'><strong>ubi</strong></span> <span class='ocrx_word' id='word_1_191' title='bbox 961 3272 1203 3328; x_wconf 87' lang='lat' dir='ltr'><strong>historia</strong></span> <span class='ocrx_word' id='word_1_192' title='bbox 1241 3271 1446 3330; x_wconf 82' lang='lat' dir='ltr'><strong>Glauci</strong></span> <span class='ocrx_word' id='word_1_193' title='bbox 1485 3289 1693 3345; x_wconf 86' lang='lat' dir='ltr'><strong>parum</strong></span> <span class='ocrx_word' id='word_1_194' title='bbox 1732 3275 2038 3333; x_wconf 85' lang='lat' dir='ltr'><strong>commode</strong></span> <span class='ocrx_word' id='word_1_195' title='bbox 2079 3277 2315 3354; x_wconf 86' lang='lat' dir='ltr'><strong>imagini</strong></span> <span class='ocrx_word' id='word_1_196' title='bbox 2358 3282 2523 3339; x_wconf 82' lang='lat' dir='ltr'><strong>malae</strong></span> 
     </span>
     <span class='ocr_line' id='line_1_24' title="bbox 369 3375 2525 3460; baseline 0.001 -22"><span class='ocrx_word' id='word_1_197' title='bbox 369 3379 728 3438; x_wconf 73' lang='lat' dir='ltr'><strong>conscientiae</strong></span> <span class='ocrx_word' id='word_1_198' title='bbox 760 3376 868 3456; x_wconf 80' lang='lat' dir='ltr'><strong>(vs.</strong></span> <span class='ocrx_word' id='word_1_199' title='bbox 915 3375 1254 3456; x_wconf 76' lang='lat'><strong>192—235)</strong></span> <span class='ocrx_word' id='word_1_200' title='bbox 1294 3377 1598 3448; x_wconf 58' lang='lat' dir='ltr'><strong>insen-itum</strong></span> <span class='ocrx_word' id='word_1_201' title='bbox 1634 3395 1719 3432; x_wconf 79' lang='lat' dir='ltr'><strong>vs.</strong></span> <span class='ocrx_word' id='word_1_202' title='bbox 1761 3377 2070 3456; x_wconf 87' lang='lat' dir='ltr'><strong>75—1r9‚</strong></span> <span class='ocrx_word' id='word_1_203' title='bbox 2114 3383 2218 3437; x_wconf 89' lang='lat' dir='ltr'><strong>ubi</strong></span> <span class='ocrx_word' id='word_1_204' title='bbox 2261 3383 2525 3460; x_wconf 79' lang='lat' dir='ltr'><strong>descrip-</strong></span> 
     </span>
     <span class='ocr_line' id='line_1_25' title="bbox 371 3482 2523 3564; baseline 0.002 -23"><span class='ocrx_word' id='word_1_205' title='bbox 371 3483 519 3542; x_wconf 90' lang='lat' dir='ltr'><strong>tioni</strong></span> <span class='ocrx_word' id='word_1_206' title='bbox 556 3482 898 3559; x_wconf 75' lang='lat' dir='ltr'><strong>corruptelae</strong></span> <span class='ocrx_word' id='word_1_207' title='bbox 929 3500 1158 3538; x_wconf 89' lang='lat' dir='ltr'><strong>morum</strong></span> <span class='ocrx_word' id='word_1_208' title='bbox 1198 3483 1596 3556; x_wconf 84' lang='lat' dir='ltr'><strong>scelerumque</strong></span> <span class='ocrx_word' id='word_1_209' title='bbox 1630 3483 1831 3538; x_wconf 82' lang='lat' dir='ltr'><strong>Romae</strong></span> <span class='ocrx_word' id='word_1_210' title='bbox 1869 3483 2185 3560; x_wconf 78' lang='lat' dir='ltr'><strong>vigentium</strong></span> <span class='ocrx_word' id='word_1_211' title='bbox 2226 3484 2334 3564; x_wconf 78' lang='lat' dir='ltr'><strong>(vs.</strong></span> <span class='ocrx_word' id='word_1_212' title='bbox 2368 3487 2523 3545; x_wconf 87' lang='lat'><strong>16—</strong></span> 
     </span>
     <span class='ocr_line' id='line_1_26' title="bbox 377 3587 2523 3672; baseline 0.004 -26"><span class='ocrx_word' id='word_1_213' title='bbox 377 3587 514 3668; x_wconf 80' lang='lat'><strong>173)</strong></span> <span class='ocrx_word' id='word_1_214' title='bbox 556 3607 761 3646; x_wconf 88' lang='lat' dir='ltr'><strong>eorum</strong></span> <span class='ocrx_word' id='word_1_215' title='bbox 799 3588 968 3664; x_wconf 87' lang='lat' dir='ltr'><strong>origo</strong></span> <span class='ocrx_word' id='word_1_216' title='bbox 1011 3601 1068 3644; x_wconf 89' lang='lat' dir='ltr'><strong>et</strong></span> <span class='ocrx_word' id='word_1_217' title='bbox 1113 3607 1318 3644; x_wconf 82' lang='lat' dir='ltr'><strong>caussae</strong></span> <span class='ocrx_word' id='word_1_218' title='bbox 1360 3588 1756 3664; x_wconf 85' lang='lat' dir='ltr'><strong>inculcantur,</strong></span> <span class='ocrx_word' id='word_1_219' title='bbox 1801 3611 1927 3666; x_wconf 83' lang='lat' dir='ltr'><strong>quae</strong></span> <span class='ocrx_word' id='word_1_220' title='bbox 1964 3590 2019 3648; x_wconf 88' lang='lat' dir='ltr'><strong>ei</strong></span> <span class='ocrx_word' id='word_1_221' title='bbox 2054 3593 2245 3666; x_wconf 87' lang='lat' dir='ltr'><strong>potius</strong></span> <span class='ocrx_word' id='word_1_222' title='bbox 2284 3596 2523 3672; x_wconf 85' lang='lat' dir='ltr'><strong>subjun-</strong></span> 
     </span>
     <span class='ocr_line' id='line_1_27' title="bbox 370 3695 2519 3779; baseline 0.002 -27"><span class='ocrx_word' id='word_1_223' title='bbox 370 3696 574 3774; x_wconf 81' lang='lat' dir='ltr'><strong>gendae</strong></span> <span class='ocrx_word' id='word_1_224' title='bbox 615 3707 816 3766; x_wconf 82' lang='lat' dir='ltr'><strong>erant3</strong></span> <span class='ocrx_word' id='word_1_225' title='bbox 857 3714 940 3751; x_wconf 80' lang='lat' dir='ltr'><strong>vs.</strong></span> <span class='ocrx_word' id='word_1_226' title='bbox 987 3695 1295 3767; x_wconf 76' lang='lat'><strong>120—173</strong></span> <span class='ocrx_word' id='word_1_227' title='bbox 1320 3738 1336 3765; x_wconf 87' lang='lat'><strong>,</strong></span> <span class='ocrx_word' id='word_1_228' title='bbox 1379 3696 1591 3772; x_wconf 89' lang='lat' dir='ltr'><strong>quibus</strong></span> <span class='ocrx_word' id='word_1_229' title='bbox 1629 3707 1799 3772; x_wconf 87' lang='lat' dir='ltr'><strong>poeta</strong></span> <span class='ocrx_word' id='word_1_230' title='bbox 1838 3715 1960 3754; x_wconf 88' lang='lat' dir='ltr'><strong>non</strong></span> <span class='ocrx_word' id='word_1_231' title='bbox 1997 3716 2151 3754; x_wconf 86' lang='lat' dir='ltr'><strong>nova</strong></span> <span class='ocrx_word' id='word_1_232' title='bbox 2193 3720 2321 3775; x_wconf 78' lang='lat' dir='ltr'><strong>quae</strong></span> <span class='ocrx_word' id='word_1_233' title='bbox 2372 3723 2519 3779; x_wconf 81' lang='lat' dir='ltr'><strong>pro-</strong></span> 
     </span>
     <span class='ocr_line' id='line_1_28' title="bbox 369 3802 2521 3880; baseline 0.005 -22"><span class='ocrx_word' id='word_1_234' title='bbox 369 3802 550 3858; x_wconf 88' lang='lat' dir='ltr'><strong>mittit</strong></span> <span class='ocrx_word' id='word_1_235' title='bbox 599 3802 800 3858; x_wconf 80' lang='lat' dir='ltr'><strong>solatia</strong></span> <span class='ocrx_word' id='word_1_236' title='bbox 851 3802 1056 3870; x_wconf 79' lang='lat' dir='ltr'><strong>affert,</strong></span> <span class='ocrx_word' id='word_1_237' title='bbox 1114 3802 1215 3858; x_wconf 90' lang='lat' dir='ltr'><strong>sed</strong></span> <span class='ocrx_word' id='word_1_238' title='bbox 1255 3805 1428 3860; x_wconf 86' lang='lat' dir='ltr'><strong>telam</strong></span> <span class='ocrx_word' id='word_1_239' title='bbox 1468 3803 1667 3880; x_wconf 86' lang='lat' dir='ltr'><strong>potius</strong></span> <span class='ocrx_word' id='word_1_240' title='bbox 1711 3823 1793 3860; x_wconf 81' lang='lat' dir='ltr'><strong>vs.</strong></span> <span class='ocrx_word' id='word_1_241' title='bbox 1830 3804 2088 3876; x_wconf 77' lang='lat'>23—74</span> <span class='ocrx_word' id='word_1_242' title='bbox 2144 3817 2392 3880; x_wconf 83' lang='lat' dir='ltr'><strong>textam,</strong></span> <span class='ocrx_word' id='word_1_243' title='bbox 2460 3825 2521 3869; x_wconf 92' lang='lat' dir='ltr'><strong>et</strong></span> 
     </span>
     <span class='ocr_line' id='line_1_29' title="bbox 369 3907 2522 3986; baseline 0.005 -23"><span class='ocrx_word' id='word_1_244' title='bbox 369 3927 455 3964; x_wconf 81' lang='lat' dir='ltr'><strong>vs.</strong></span> <span class='ocrx_word' id='word_1_245' title='bbox 515 3907 705 3981; x_wconf 82' lang='lat'><strong>75—1</strong></span> <span class='ocrx_word' id='word_1_246' title='bbox 727 3927 794 3984; x_wconf 80' lang='lat'><strong>¹9</strong></span> <span class='ocrx_word' id='word_1_247' title='bbox 848 3909 1154 3982; x_wconf 86' lang='lat' dir='ltr'><strong>abruptam</strong></span> <span class='ocrx_word' id='word_1_248' title='bbox 1197 3911 1423 3967; x_wconf 81' lang='lat' dir='ltr'><strong>retexit.</strong></span> <span class='ocrx_word' id='word_1_249' title='bbox 1483 3910 1751 3986; x_wconf 89' lang='lat' dir='ltr'><strong>Denique</strong></span> <span class='ocrx_word' id='word_1_250' title='bbox 1795 3908 2097 3984; x_wconf 90' lang='lat' dir='ltr'><strong>dispositio</strong></span> <span class='ocrx_word' id='word_1_251' title='bbox 2144 3914 2412 3970; x_wconf 81' lang='lat' dir='ltr'><strong>carminis</strong></span> <span class='ocrx_word' id='word_1_252' title='bbox 2462 3927 2522 3973; x_wconf 87' lang='lat' dir='ltr'><strong>et</strong></span> 
     </span>
     <span class='ocr_line' id='line_1_30' title="bbox 369 4014 2518 4097; baseline 0.001 -25"><span class='ocrx_word' id='word_1_253' title='bbox 369 4014 696 4072; x_wconf 78' lang='lat' dir='ltr'><strong>oeconomia</strong></span> <span class='ocrx_word' id='word_1_254' title='bbox 742 4033 946 4088; x_wconf 83' lang='lat' dir='ltr'><strong>parum</strong></span> <span class='ocrx_word' id='word_1_255' title='bbox 1000 4015 1305 4089; x_wconf 81' lang='lat' dir='ltr'><strong>probanda</strong></span> <span class='ocrx_word' id='word_1_256' title='bbox 1354 4015 1594 4073; x_wconf 79' lang='lat' dir='ltr'><strong>videtur</strong></span> <span class='ocrx_word' id='word_1_257' title='bbox 1636 4038 1651 4072; x_wconf 93' lang='lat'><strong>:</strong></span> <span class='ocrx_word' id='word_1_258' title='bbox 1702 4033 1836 4071; x_wconf 88' lang='lat' dir='ltr'><strong>nam</strong></span> <span class='ocrx_word' id='word_1_259' title='bbox 1885 4015 2055 4073; x_wconf 89' lang='lat' dir='ltr'><strong>initio</strong></span> <span class='ocrx_word' id='word_1_260' title='bbox 2109 4015 2132 4096; x_wconf 95' lang='lat'>(</span> <span class='ocrx_word' id='word_1_261' title='bbox 2150 4037 2233 4075; x_wconf 79' lang='lat' dir='ltr'><strong>vs.</strong></span> <span class='ocrx_word' id='word_1_262' title='bbox 2288 4017 2518 4097; x_wconf 77' lang='lat'>1--12)</span> 
     </span>
     <span class='ocr_line' id='line_1_31' title="bbox 372 4108 2523 4202; baseline 0.002 -26"><span class='ocrx_word' id='word_1_263' title='bbox 372 4108 567 4178; x_wconf 79' lang='lat' dir='ltr'><strong>totuin</strong></span> <span class='ocrx_word' id='word_1_264' title='bbox 599 4117 720 4192; x_wconf 83' lang='lat' dir='ltr'><strong>ejus</strong></span> <span class='ocrx_word' id='word_1_265' title='bbox 752 4128 1158 4196; x_wconf 82' lang='lat' dir='ltr'><strong>argumentum</strong></span> <span class='ocrx_word' id='word_1_266' title='bbox 1187 4119 1498 4198; x_wconf 84' lang='lat' dir='ltr'><strong>omniaque</strong></span> <span class='ocrx_word' id='word_1_267' title='bbox 1537 4119 1737 4179; x_wconf 79' lang='lat' dir='ltr'><strong>solatia</strong></span> <span class='ocrx_word' id='word_1_268' title='bbox 1779 4120 1841 4176; x_wconf 90' lang='lat' dir='ltr'><strong>in</strong></span> <span class='ocrx_word' id='word_1_269' title='bbox 1886 4121 2179 4196; x_wconf 86' lang='lat' dir='ltr'><strong>epitomen</strong></span> <span class='ocrx_word' id='word_1_270' title='bbox 2216 4123 2377 4202; x_wconf 83' lang='lat' dir='ltr'><strong>quasi</strong></span> <span class='ocrx_word' id='word_1_271' title='bbox 2426 4141 2523 4180; x_wconf 84' lang='lat' dir='ltr'><strong>re-</strong></span> 
     </span>
    </p>
   </div>
  </div>
 </body>
</html>
