3050 4884
1035 346 1383 412 SATIRA
1425 346 1837 413 DECIMA.
2439 346 2517 411 61

377 460 618 529 Donec
651 461 949 556 Bithyno
976 460 1180 531 libeat
1207 459 1480 555 vigilare
1511 477 1822 557 tyranno,

379 571 614 639 Finem
643 573 883 641 animoe
899 625 919 659 ,
954 597 1102 667 quae
1131 597 1238 640 res
1265 568 1595 641 humanas
1620 572 1893 641 miscuit
1920 570 2079 640 olim
2096 624 2115 657 ,

381 682 538 750 Non
575 680 808 775 gladii,
848 707 990 750 non
1027 706 1178 751 saxa
1211 680 1496 767 dabunt,
1532 706 1662 751 nec
1694 681 1860 767 tela,
1898 681 2015 750 sed
2046 680 2155 750 ille

379 791 766 859 Cannarum
802 791 1049 861 vindex
1077 817 1158 861 ac
1185 791 1356 860 tanti
1389 790 1733 885 sanguinis
1764 788 1979 875 ultor,
2430 804 2527 859 165

379 898 709 969 Annulus.
738 903 806 987 Ι,
836 898 1137 971 demens!
1173 916 1240 971 et
1267 926 1470 971 saevas
1499 925 1697 975 curre
1724 924 1850 995 per
1879 898 2113 993 AlpeS,

381 1010 481 1079 Ut
505 1012 732 1104 pueris
763 1009 1058 1105 placeaS,
1087 1026 1156 1081 et
1187 1010 1582 1081 declamatio
1611 1006 1761 1080 fias!

481 1122 676 1190 Unus
702 1120 946 1191 Pellaeo
971 1121 1210 1215 juveni
1246 1146 1386 1190 non
1421 1120 1678 1189 sufficit
1707 1119 1933 1188 orbis:

385 1230 646 1298 AEstuat
673 1229 906 1300 infelix
929 1246 1214 1325 angusto
1245 1230 1462 1300 limite
1489 1229 1765 1316 mundi,

385 1338 481 1405 Ut
509 1340 750 1433 Gyarae
783 1338 1043 1409 clausus
1074 1337 1368 1434 scopulis
1395 1363 1740 1434 parvaque
1769 1336 2076 1433 Seripho.
2432 1370 2529 1422 170

381 1446 615 1533 Quum
645 1462 870 1515 tamen
897 1472 937 1515 a
963 1445 1184 1541 figulis
1213 1448 1543 1516 munitam
1575 1446 1937 1516 intraverit
1964 1444 2237 1529 urbem,

383 1554 813 1649 sarcophago
842 1570 1202 1624 contentus
1230 1553 1390 1625 erit!
1428 1558 1621 1625 Mors
1650 1554 1791 1626 sola
1816 1554 2093 1640 fatetur,

383 1662 728 1751 Quantula
752 1664 888 1733 sint
912 1664 1266 1733 hominum
1295 1663 1719 1759 corpuscula.
1754 1664 2077 1735 Creditur
2103 1661 2269 1731 olim

385 1772 778 1843 velificatus
804 1775 1020 1844 Athos
1036 1826 1054 1861 ,
1081 1788 1152 1842 et
1177 1774 1508 1868 quidquid
1537 1774 1801 1843 Graecia
1830 1774 2121 1843 mendax
2514 1840 2523 1847 .

386 1884 612 1954 Audet
641 1884 714 1952 in
741 1884 1062 1955 historia:
1097 1900 1513 1953 constratum
1545 1882 2106 1954 classibus-isdem
2436 1899 2532 1968 ¹75

383 1994 956 2089 Suppositumque
986 1996 1150 2064 rotis
1177 1994 1466 2064 solidum
1494 2019 1681 2063 mare
1714 2019 1732 2063 :
1761 1993 2099 2063 credimus
2132 1991 2301 2061 altos

383 2102 724 2173 Defecisse
751 2128 984 2174 amnes
1007 2120 1342 2199 epotaque
1372 2104 1655 2174 flumina
1683 2103 1893 2173 Medo

383 2334 713 2412 fundusque
739 2336 914 2396 cliens
943 2338 1180 2410 assidet,
1209 2352 1545 2418 exspectans
1584 2342 1723 2399 dum
1748 2338 2034 2416 Bithyniae
2062 2339 2297 2415 reg-ulus
2324 2356 2535 2412 exper-

384 2426 528 2503 gisci
547 2438 608 2484 et
625 2428 930 2487 admittere
955 2432 1297 2489 salutantem
1325 2434 1486 2491 velit.
1515 2435 1843 2509 Inquietam
1866 2450 1930 2488 ac
1954 2430 2210 2487 ferocem
2236 2431 2538 2487 Annibalis

381 2519 662 2590 anirnam,
692 2541 819 2596 quse
843 2534 1130 2579 terrarum
1153 2526 1356 2581 orbem
1384 2538 1552 2583 antea
1580 2523 1979 2600 perturbavit,
2012 2542 2135 2579 non
2162 2523 2537 2598 exstinguent

383 2630 574 2683 enses,
595 2632 718 2672 non
733 2613 959 2688 scopuli
973 2654 992 2684 ,
1014 2632 1135 2672 non
1158 2616 1267 2673 tela
1285 2638 1302 2687 3
1325 2618 1429 2674 sed
1449 2617 1630 2692 ipsius
1647 2617 1894 2673 annulus
1908 2656 1925 2684 ‚
1949 2612 2053 2687 qui
2073 2632 2269 2686 poenas
2289 2614 2540 2671 Romani

383 2706 678 2782 sanguinis
699 2707 776 2762 ad
803 2708 1026 2763 Cannas
1055 2708 1282 2783 profusi
1307 2710 1380 2765 ab
1405 2730 1476 2768 eo
1503 2720 1748 2786 repetet.
1781 2710 1809 2763 1
1844 2724 2035 2774 nnnc,
2068 2705 2401 2763 mortalium
2426 2706 2538 2763 de-

386 2797 774 2865 mentissime3
805 2798 982 2871 Alpes
1011 2816 1186 2854 saevas
1222 2801 1476 2871 transili;
1499 2810 1675 2875 caput
1704 2795 1987 2855 sexcentis
2013 2796 2285 2870 periculis
2312 2796 2501 2870 objice
2518 2838 2539 2867 ,

383 2902 453 2946 ut
479 2888 708 2945 laudem
737 2888 956 2944 scilicet
986 2888 1142 2963 apud
1168 2908 1380 2964 pueros
1422 2892 1484 2946 in
1520 2892 1666 2947 ludo
1692 2888 1976 2945 litterario
2010 2887 2311 2959 merearis,
2337 2906 2403 2944 ac
2440 2890 2535 2947 de·

385 2980 824 3039 cla-mationibus
850 2992 1254 3057 argumentum
1281 2981 1506 3041 illustre
1527 2980 1880 3056 suppedites.

472 3074 604 3131 168.
645 3073 992 3143 Alexander,
1022 3072 1253 3146 juvenis
1289 3091 1322 3130 e
1355 3074 1510 3130 Pella
1538 3073 1853 3142 oriundus,
1892 3073 2038 3130 orbe
2074 3090 2197 3129 uno
2226 3083 2533 3133 contentus

387 3184 510 3221 non
542 3176 656 3233 est3
683 3165 772 3221 illi
799 3165 1048 3221 mundus
1078 3164 1172 3221 hic
1202 3164 1440 3222 videtur
1463 3164 1795 3241 angustior,
1830 3152 1895 3221 in
1921 3182 2137 3240 eoque,
2165 3164 2329 3222 velut
2361 3165 2533 3223 arctis

388 3257 734 3315 constrictus
754 3257 978 3333 spatiis,
994 3268 1095 3315 aut
1111 3260 1317 3333 Gyarae
1337 3259 1432 3314 vel
1453 3258 1691 3333 Seriphi
1712 3257 1956 3331 rupibus
1976 3253 2233 3331 angustis
2256 3256 2537 3329 inclusus,

389 3351 622 3428 angitur
641 3364 701 3409 et
723 3352 930 3407 misere
954 3351 1140 3407 sudat.
1164 3350 1287 3408 Ubi
1309 3362 1502 3407 tamen
1521 3350 1880 3426 Babylonem
1899 3348 2082 3405 muris
2104 3346 2406 3405 coctilibus
2422 3350 2541 3407 cir-

391 3444 715 3503 cumdatam
735 3444 911 3501 fuerit
932 3443 1222 3519 ingressus
1241 3484 1260 3513 ,
1285 3443 1567 3500 feretrum
1592 3443 1679 3499 illi
1697 3441 1959 3499 sufficiet.
1985 3442 2121 3498 Sola
2148 3459 2305 3497 mors
2320 3483 2337 3511 ,
2362 3462 2538 3518 quam

391 3537 538 3593 exile
573 3536 871 3611 quidpiam
917 3546 976 3592 et
1007 3536 1296 3591 minutum
1338 3536 1413 3591 sit
1445 3536 1654 3603 homo,
1699 3534 1887 3589 docet.
1933 3530 2239 3589 Credimus
2278 3547 2537 3593 montem

390 3628 588 3684 Athon
606 3627 746 3684 olim
766 3646 798 3681 a
815 3628 1014 3684 Xerxe
1033 3628 1356 3701 perfossum
1377 3638 1436 3683 et
1453 3624 2008 3699 circumnavigatum
2031 3622 2202 3679 fuisse
2220 3645 2233 3680 :
2250 3626 2537 3685 credimus

389 3720 498 3775 alia
511 3719 574 3775 id
597 3738 776 3797 genus
795 3719 1007 3785 multa,
1030 3738 1158 3793 quae
1179 3720 1398 3789 Graeci,
1421 3720 1859 3777 mendaciorum
1881 3714 2131 3773 artifices
2152 3720 2403 3795 egregii,
2426 3740 2537 3777 an-

391 3812 618 3867 nalibus
639 3811 928 3867 historicis
961 3812 1214 3885 prodere
1245 3830 1366 3868 non
1395 3812 1667 3869 dubitant
1676 3831 1695 3881 ;
1725 3830 1907 3885 quum
1932 3810 2245 3885 perhibent
2267 3824 2539 3887 opertum

391 3920 594 3977 aequor
623 3902 828 3959 iisdem
853 3903 1068 3960 Xerxis
1098 3905 1398 3976 classibus,
1441 3904 1653 3980 quibus
1682 3904 1883 3960 Athon
1919 3903 2537 3981 circumnavigaverat,

392 4004 452 4050 et
471 3994 739 4051 curribus
758 3996 1053 4071 pervium,
1078 4007 1352 4071 tanquam
1375 3995 1579 4053 stabile
1601 3996 1787 4051 solum
1808 4038 1825 4066 ,
1848 3995 2159 4064 exstitisse3
2197 3993 2406 4051 fluvios
2444 3998 2537 4053 in-

393 4098 590 4163 tegros
611 4087 914 4143 exhaustos
937 4100 997 4144 et
1013 4087 1328 4145 exsiccatos
1345 4107 1466 4145 uno
1485 4086 1702 4144 Persici
1721 4087 2006 4147 exercitus
2023 4084 2293 4163 prandio,
2316 4086 2539 4163 aliaque
