3050 4884
513 358 636 425 162
826 353 1175 421 VARIAE
1220 354 1822 423 LECTIONES
1867 357 1997 422 ET
2042 356 2354 423 No'rAE

502 471 652 536 loni,
674 470 957 535 Cleobule,
983 470 1193 535 Bianti,
1220 470 1543 544 Pythagorae
1557 508 1574 537 ,
1591 468 1803 523 Socrati
1825 469 2054 543 aliisque
2073 470 2434 541 sapientibus,
2463 466 2536 519 ab
2557 464 2682 519 eliis

502 555 610 627 ipsi
627 554 897 627 Apollini,
924 554 1011 609 vel
1038 556 1151 626 ejus
1188 552 1443 618 oraculo,
1472 565 1735 625 tanquam
1756 554 1968 608 auctori
1985 593 2003 620 ,
2033 565 2262 626 propter
2285 552 2528 607 divinem
2559 550 2678 621 ejus

501 638 895 711 praestsntiam,
930 638 1210 692 tribuitur.
1230 648 1243 671 ¹
1276 641 1427 689 Γνῶθι
1448 638 1674 701 σεαυτὸν,
1696 656 1858 691 nosce
1884 650 1939 691 te
1961 638 2170 711 ipsum,
2201 637 2246 691 si
2269 636 2480 691 diseere
2499 632 2676 704 cupis,

495 721 642 794 quid
666 722 795 788 tibi,
817 722 954 795 quid
972 723 1093 775 aliis
1117 721 1346 788 debeas;
1380 735 1433 775 et
1460 722 1517 775 in
1541 734 1656 775 tots
1679 722 1792 775 vita
1811 740 1910 793 age
1928 720 2228 775 secundum
2248 721 2416 775 animi
2431 758 2452 787 ,
2477 736 2676 791 corpo·

504 806 580 858 ris
598 819 653 860 et
674 806 904 860 fortuna
922 806 1065 860 vires
1083 825 1149 859 ac
1174 804 1417 860 modum.
1447 806 1606 859 Conf.
1629 806 1723 877 qui
1745 804 1862 858 baec
1887 806 2163 859 illustrent
2180 845 2196 871 ,
2227 804 2476 859 Socrates
2489 843 2506 869 ,
2527 799 2673 875 apud

505 891 647 943 mat.
668 890 728 943 in
744 890 917 943 Aleib.
938 891 969 943 Ι
983 927 999 955 ,
1014 902 1147 943 tom.
1171 892 1243 956 V,
1261 908 1389 962 pag.
1414 890 1510 959 56,
1528 890 1598 945 65
1615 929 1631 955 ,
1649 888 1738 945 ed.
1759 891 1876 963 Bip.
1899 902 1955 944 et
1969 891 2158 945 Senes.
2175 890 2348 962 Epist.
2367 890 2456 943 82.

576 1032 723 1085 VAn.
760 1037 845 1084 28.
882 1034 1158 1102 Figendam
1189 1046 1292 1101 ese,
1330 1038 1417 1095 46.
1456 1036 1787 1103 aagendam,
1822 1038 1912 1097 13,
1953 1052 2043 1101 19,
2080 1052 2180 1097 20,
2217 1036 2310 1097 25,
2343 1036 2439 1097 56,
2471 1036 2558 1099 57,
2588 1033 2671 1098 59.

500 1120 649 1169 Gonf.
674 1135 823 1187 supra
842 1120 905 1169 ad
924 1137 997 1172 vs.
1029 1129 1080 1178 4.
1100 1148 1168 1161 --
1194 1121 1264 1170 Ee
1281 1121 1418 1170 abest
1444 1120 1506 1170 ab
1536 1130 1624 1183 47,
1650 1122 1748 1181 54,
1769 1121 1854 1170 58.

571 1214 624 1267 N
628 1232 713 1267 or.
754 1212 837 1266 28.
875 1216 1151 1281 figendam
1176 1212 1319 1267 illud
1335 1254 1350 1277 ‚
1376 1213 1541 1268 ultius
1563 1214 1748 1267 animo
1771 1212 2110 1283 infigendum
2131 1224 2241 1277 est,
2265 1224 2330 1265 ut
2347 1211 2404 1264 in
2423 1230 2490 1265 eo
2508 1212 2676 1265 inho-

500 1310 635 1351 rest.
656 1298 815 1353 Gonf.
844 1297 913 1351 sd
932 1300 1006 1363 V,
1032 1316 1113 1351 u.
1140 1330 1213 1341 —
1229 1299 1357 1352 Vet.
1384 1296 1571 1352 Sebol.
1593 1297 1650 1349 in
1669 1296 1934 1351 memoria
1951 1314 2168 1369 semper
2189 1294 2527 1352 habendum.
2565 1296 2676 1350 En.

570 1444 708 1490 Vn.
746 1458 833 1505 29.
870 1444 1055 1502 Sao-m,
1075 1442 1159 1502 25,
1180 1442 1270 1501 46,
1287 1441 1372 1502 48,
1395 1440 1726 1506 49,55-57,
1743 1441 1828 1505 59,
1844 1441 1930 1491 60.

568 1536 710 1588 Nor.
752 1552 820 1603 ²9
841 1552 951 1607 seq.
988 1536 1055 1587 In
1077 1534 1331 1587 omnibus
1350 1534 1475 1588 vitus
1497 1532 1750 1605 partibus
1767 1534 1915 1587 hane
1933 1533 2254 1588 sententiam
2274 1534 2486 1588 oraculi
2507 1533 2678 1588 instar

500 1618 751 1685 consule,
783 1618 936 1672 verb.
968 1634 1119 1671 esus.
1148 1616 1206 1670 in
1230 1618 1594 1671 matrimoniis
1613 1617 2033 1682 contrahendis,
2057 1631 2122 1671 ut
2145 1618 2248 1671 tibi
2267 1635 2452 1691 psi-em
2480 1618 2674 1686 ducas,

498 1705 587 1757 vel
616 1704 674 1757 in
699 1700 949 1773 petendis
981 1701 1320 1767 honoribus,
1359 1715 1421 1756 ut
1455 1702 1705 1775 explores
1741 1715 1894 1767 unte,
1931 1720 2068 1756 num
2104 1703 2171 1756 iis
2199 1702 2428 1757 idoneus
2457 1702 2676 1776 illisque

500 1787 641 1839 bene
658 1784 1104 1839 administrandis
1129 1805 1231 1857 per
1258 1786 1348 1839 sis.
1372 1816 1444 1827 ——
1466 1789 1576 1838 Sive
1599 1787 1876 1857 eonjugium
1895 1806 2096 1856 quares
2108 1809 2130 1848 ,-
2161 1786 2221 1840 id
2249 1786 2386 1841 dixit
2407 1806 2472 1841 ex
2503 1789 2675 1842 altero

500 1869 773 1941 Sapientis
798 1866 947 1923 dieto
964 1867 1151 1938 (ovid.
1176 1870 1307 1923 Her.
1332 1871 1445 1935 Ix,
1468 1870 1572 1939 32)
1593 1889 1606 1925 :
1631 1872 1762 1921 nube
1775 1873 1896 1938 pan·
1907 1911 1922 1938 ‚
1947 1871 2154 1942 Grang.
2177 1902 2250 1913 -
2269 1878 2484 1924 Senones
2505 1875 2642 1926 sceti
2655 1914 2672 1941 ,

498 1951 819 2018 venerandi,
838 1964 901 2005 ut
923 1954 1027 2023 ἱερὰ
1048 1954 1443 2026 σύγκλητοςθ-
1469 1958 1532 2005 In
1547 1966 1698 2022 parte
1719 1967 1923 2006 senens
1938 1992 1953 2017 ,
1973 1966 2211 2021 senator,
2241 1974 2363 2009 esse.
2659 1946 2672 1957 ⁹

572 2098 713 2149 Vsu.
753 2098 835 2147 30.
874 2098 988 2145 Non
1009 2096 1169 2159 enim,
1195 2100 1282 2160 25,
1301 2098 1397 2159 56,
1420 2100 1505 2161 57,
1527 2099 1616 2163 59.
1641 2100 1819 2165 Neque
1843 2098 2004 2162 enim,
2035 2116 2120 2163 27.
2139 2100 2306 2149 Verba
2327 2118 2421 2151 nee
2441 2101 2570 2151 enim
2601 2103 2674 2153 10-

497 2182 652 2230 rr‘cam
657 2216 857 2232 ........
892 2181 1169 2247 Aner'picem
1212 2181 1499 2247 parenthesi
1538 2182 1740 2233 inclusit
1772 2184 1901 2233 Aah.
1940 2184 2126 2233 Eadem
2163 2185 2317 2234 deleri
2347 2185 2492 2248 iubet
2525 2186 2673 2235 Hein.

501 2267 691 2315 Neutra
708 2266 899 2315 ratione
917 2266 1193 2330 quidquem
1212 2265 1495 2331 proficitur,
1506 2276 1558 2314 et
1573 2266 1839 2333 legendum
1858 2268 2056 2317 videtur
2063 2285 2220 2335 posca
2226 2281 2262 2317 t.
2275 2270 2393 2319 vid.
2405 2272 2600 2320 Comm.

574 2361 714 2413 Now.
751 2361 851 2425 30,
884 2360 971 2414 31.
1010 2360 1197 2412 Verba
1236 2357 1592 2426 difficillima,
1635 2380 1757 2433 quae
1794 2362 1930 2415 olim
1968 2362 2044 2417 ite
2084 2362 2513 2435 interpretabar:
2543 2366 2670 2419 Non

498 2441 765 2517 petendos
796 2462 909 2497 esse
945 2444 1216 2513 bonores,
1252 2444 1463 2497 viribus
1497 2446 1699 2498 nostris
1733 2448 1994 2519 majores,
2025 2446 2140 2518 ipse
2177 2448 2412 2499 Thersites
2437 2446 2536 2519 (de
2561 2468 2671 2521 quo

496 2528 614 2585 vid.
637 2526 709 2583 sd
722 2530 870 2581 ‘VIII
886 2569 903 2595 ,
928 2532 1063 2599 269)
1084 2529 1349 2583 intellexit
1368 2570 1383 2595 ‚
1406 2530 1530 2602 qui,
1553 2530 1800 2601 quemvis
1821 2530 2197 2585 intolerantius
2219 2550 2274 2585 se
2291 2534 2537 2605 jactaret,
2559 2552 2672 2586 non

500 2626 681 2667 tamen
710 2612 786 2665 ita
811 2613 1095 2665 immemor
1123 2612 1227 2666 suit
1254 2632 1364 2666 suoe
1388 2613 1668 2666 tenuitatis
1693 2624 1748 2666 et
1773 2612 2032 2684 ignavia,
2062 2626 2125 2667 ut
2153 2616 2370 2666 loricam.
2383 2628 2438 2669 et
2459 2615 2673 2688 reliqna

497 2698 707 2749 Achillis
729 2714 882 2748 arma
900 2712 1147 2764 posceret,
1174 2699 1225 2749 in
1247 2699 1453 2765 quibus,
1490 2695 1690 2769 quibus
1723 2695 1946 2752 indutus
1961 2734 1977 2761 ‚
2003 2696 2118 2771 ipse
2146 2702 2344 2763 Ulysses
2360 2718 2422 2750 ’σε
2437 2703 2670 2751 transdu-

497 2786 660 2845 cebat,
682 2800 737 2834 se
756 2780 1055 2835 videndum
1067 2819 1083 2844 ‚
1102 2781 1193 2835 vel
1210 2781 1395 2852 potius
1414 2800 1473 2835 se
1490 2779 1783 2835 ridendum
1807 2782 2082 2853 praebebat
2107 2780 2242 2853 (vid.
2270 2780 2346 2835 ad
2359 2783 2440 2835 Vl
2448 2783 2506 2833 H
2521 2822 2537 2845 ,
2557 2784 2671 2853 17);

496 2884 625 2918 nam
652 2876 815 2936 poeta
834 2862 987 2917 haud
1011 2862 1179 2917 dubie
1212 2864 1451 2935 respexit
1479 2866 1887 2919 contentionem
1910 2866 2142 2920 heroum
2165 2864 2235 2919 de
2261 2867 2424 2921 armis
2447 2866 2672 2919 Achillis

526 2947 597 3001 de
616 2966 725 3019 qua
748 2945 861 3001 vid.
882 2964 1043 3018 supra
1074 2945 1145 2999 ad
1166 2948 1284 2999 vu
1305 2988 1321 3014 ,
1352 2948 1479 3011 11⁵,
1509 2960 1566 3001 et
1594 2950 1646 3001 X
1663 2986 1678 3012 ,
1711 2950 1807 3013 84,
1837 2949 1938 3017 85)
1956 2949 2266 3021 innuitque,
2293 2949 2409 3004 haec
2431 2968 2578 3003 arma
2604 2969 2673 3005 ne

499 3032 755 3103 Ulyssem
778 3026 1001 3100 quidem
1026 3026 1302 3092 decuisse,
1330 3046 1399 3081 ne
1424 3028 1574 3082 hunc
1602 3028 1824 3101 quidem
1850 3031 1916 3083 iis
1954 3031 2228 3104 gestandis
2252 3052 2440 3104 parem
2477 3034 2670 3102 fuisse,

495 3116 585 3169 vel
604 3114 714 3167 hoc
740 3113 954 3165 honore
972 3109 1217 3183 dignum.
1245 3112 1437 3183 Neque
1465 3114 1648 3167 obstat
1667 3114 1852 3186 ‚quod
1871 3118 2007 3170 Ach.
2037 3118 2274 3173 obvertit
2294 3136 2308 3169 z
2329 3146 2354 3165 ι
2369 3120 2570 3173 nullibi
2595 3120 2670 3173 le-

496 3197 675 3268 gimus
689 3234 705 3260 ,
736 3195 991 3267 Ulyssem
1020 3212 1053 3247 ι
1092 3192 1295 3247 Graecis
1323 3208 1551 3267 propter
1577 3197 1686 3250 boe
1711 3197 1947 3252 derisum
1985 3200 2176 3265 fuisse,
2209 3202 2297 3256 vel
2332 3201 2496 3255 etiam
2521 3200 2668 3255 deri-

495 3280 615 3335 deri
640 3278 892 3335 debuisse
909 3318 924 3345 ,
952 3297 1119 3350 quum
1154 3277 1371 3351 ipsimet
1392 3279 1552 3333 illum
1575 3280 1755 3335 Graeei
1785 3296 1979 3356 sponte
2009 3304 2106 3338 sua
2122 3325 2137 3352 ,
2159 3297 2213 3339 et
2237 3286 2296 3339 in
2324 3286 2668 3341 commenda-

496 3364 699 3419 tionem
720 3380 939 3419 suarum
964 3364 1123 3435 (ejus)
1143 3363 1411 3417 virtutum
1430 3364 1594 3417 etism
1616 3366 1768 3438 Ajsci
1785 3368 2138 3438 pretulerint.
2151 3394 2172 3417 ι
2197 3370 2326 3423 Sola
2345 3371 2665 3443 eloquentia

494 3449 578 3502 vis
606 3450 662 3503 in
694 3446 907 3522 judicio
941 3446 1040 3500 illo
1068 3446 1226 3511 vicit,
1261 3458 1315 3501 et
1346 3448 1592 3520 superior
1623 3448 1954 3505 discessisset
1985 3454 2146 3525 Ajsx‚
2177 3454 2222 3507 si
2245 3468 2350 3507 tarn
2381 3468 2663 3528 promptus

492 3534 719 3604 lingua,
758 3551 923 3605 quem
956 3550 1121 3585 manu
1156 3530 1342 3584 fuisset
1373 3550 1387 3583 :
1424 3532 1576 3605 quod
1609 3547 1772 3606 poeta
1811 3536 2137 3607 significasse
2172 3537 2404 3594 videtur.
2448 3540 2665 3593 Sufficit

493 3620 659 3674 etiam
679 3658 695 3684 ,
714 3618 864 3673 hunc
890 3616 964 3669 ita
982 3628 1037 3671 et
1058 3630 1203 3670 recte
1228 3616 1451 3689 quidem
1472 3617 1763 3691 judicasse.
1806 3618 1912 3674 Sed
1939 3622 2089 3676 locus
2113 3635 2296 3675 noster
2323 3624 2443 3677 aliis
2462 3624 2663 3696 premi-

494 3714 583 3755 tur
609 3700 1039 3755 difficultatibus.
1075 3702 1156 3754 Ut
1190 3701 1337 3755 enim
1370 3714 1577 3756 taceam
1595 3743 1612 3770 ,
1655 3704 1734 3755 ita
1760 3722 1872 3756 non
1899 3703 2026 3759 satis
2055 3707 2342 3763 convenire
2372 3708 2538 3763 verba
2569 3728 2662 3759 nec

1342 3868 1812 3891 mmmmm

572 3985 588 4011 ¹
628 3980 771 4029 Conf.
808 3978 1019 4043 Diogen.
1051 3980 1211 4032 laert.
1238 3982 1295 4039 13
1323 3980 1429 4030 Cic.
1468 3982 1532 4029 ad
1695 3988 1719 4015 ²
1755 3984 2000 4033 Videatur
2041 3984 2308 4050 spanhem.
2361 3986 2423 4033 de
2463 3987 2573 4035 Usu
2613 3998 2665 4035 et

494 4063 681 4125 Qnaest.
702 4062 781 4109 Fr.
808 4062 915 4121 111,
946 4062 997 4119 6,
1020 4070 1068 4107 et
1096 4062 1243 4109 Tuse.
1258 4063 1445 4125 Quest.
1478 4064 1532 4123 1,
1622 4074 1872 4129 prestant.
1917 4082 2057 4115 num.
2099 4066 2422 4129 Dissertatio,
2453 4068 2517 4127 V,
2554 4082 2665 4132 pag.

494 4140 640 4207 22,3
658 4140 756 4200 52;
782 4138 1027 4191 Ηετᾶιιίη.
1051 4141 1116 4191 ad
1142 4141 1271 4191 Plin.
1292 4144 1424 4203 VH,
1446 4144 1532 4193 32.
1625 4152 1723 4202 ⁴¹1
1760 4158 1864 4210 seq.
