3050 4884
600 364 706 430 IN
752 363 1214 430 SATIRAM
1261 363 1747 430 DECIMAM
1794 363 2263 428 TERTIAM.
2372 364 2495 452 273

360 487 622 543 propterea
641 477 780 544 quod
813 495 916 528 non
943 479 1118 528 inutile
1137 497 1340 544 prorsus
1367 479 1517 528 nobis
1535 481 1691 529 visum
1714 489 1785 529 est
1798 457 1851 528 τῖ
1858 479 1995 543 jam,
2026 478 2129 528 hoc
2153 490 2246 538 est,
2274 495 2329 528 ea
2359 481 2502 528 etiam

359 571 516 608 atate.
543 563 670 611 Nam
697 579 728 610 a
749 563 974 611 Lucretio
997 559 1359 628 Epicureorum
1385 563 1607 612 doctrina
1624 599 1639 621 ‚
1659 580 1757 627 qun
1779 563 1941 612 omnis
1959 563 2272 627 providentia
2300 563 2507 610 deorum
2611 596 2615 603 -

363 641 572 705 tollitur,
589 655 844 710 tantopere
860 646 1152 706 invaluerat,
1173 655 1230 693 nt
1245 661 1358 710 pars
1377 645 1525 694 altera
1546 648 1883 694 Romanorum
1903 646 1950 693 ei
1968 655 2109 694 sectae
2131 645 2277 693 fuerit
2294 644 2509 701 addicta,

363 725 516 776 altera
535 740 676 777 sectae
697 729 972 777 Stoicorum
987 765 1002 790 ,
1025 730 1170 794 pauci
1187 729 1597 777 Academicorum
1610 763 1625 786 ,
1650 745 1776 791 quos
1794 738 1932 777 notat
1952 745 2025 778 vs.
2046 744 2115 792 9⁰
2134 745 2235 792 seq.
2248 750 2273 769 ι·
2292 730 2411 776 Sunt
2426 726 2512 792 qui

359 811 590 860 tonum
601 812 716 876 jam
749 812 960 872 casibus,
987 813 1072 870 16,
1097 813 1188 870 23,
1223 821 1274 860 et
1299 811 1502 875 quidam
1523 811 1683 861 Codd.
1708 813 1862 861 Paris.
1884 815 2037 869 Sunt,
2062 811 2151 876 qui
2169 813 2392 859 Fortuna
2418 810 2509 857 sub

361 892 574 954 casibus,
607 897 686 943 13.
711 897 835 942 Saemt
847 893 935 959 qui
958 897 1184 942 Bonum
1195 895 1308 961 jam
1330 893 1563 958 lapsibus,
1594 894 1675 941 30.
1706 920 1775 930 -—-
1801 896 2021 954 Ponant,
2055 895 2275 953 ato—13,
2303 893 2390 957 15,
2425 894 2505 950 16,

363 975 452 1034 45,
475 977 560 1032 50,
585 978 810 1037 (zo—63,
833 975 916 1036 65,
945 978 1033 1037 68,
1053 978 1141 1039 69,
1162 985 1392 1038 71—74,
1419 994 1502 1039 77.
1523 977 1604 1024 Sic
1622 987 1671 1025 et
1688 993 1808 1025 mox
1830 995 1903 1026 vs.
1931 980 2014 1038 87.
2051 976 2261 1025 credunt
2276 1012 2293 1036 ‚
2324 991 2400 1034 ιο,
2429 991 2448 1021 1
2464 992 2509 1033 π,

371 1073 460 1118 ¹²2
487 1055 565 1120 152
595 1061 674 1120 16,
696 1076 760 1108 ²²
775 1095 792 1120 9
810 1062 894 1118 ²5⁹
918 1075 1001 1121 27,
1021 1062 1107 1119 45,
1127 1061 1211 1120 46,
1237 1069 1324 1122 4¹79
1345 1070 1430 1124 499
1449 1063 1542 1120 50,
1562 1061 1786 1120 54-58,
1804 1061 2037 1120 60—64,
2054 1061 2139 1121 65,
2160 1060 2246 1119 68,
2266 1060 2351 1120 69²
2375 1074 2513 1118 7¹*

368 1143 460 1200 74,
484 1156 567 1202 77.
587 1144 656 1189 At
675 1141 774 1190 vid.
792 1158 946 1207 supra
966 1142 1030 1189 ad
1050 1143 1154 1190 ΧΠ
1171 1177 1186 1204 ,
1209 1157 1327 1192 101.

435 1232 613 1284 Anu..
664 1233 926 1301 86-119.
965 1232 1152 1286 Causa!
1197 1245 1595 1299 memorantur,
1643 1252 1742 1287 cur
1786 1234 1946 1286 multi
1979 1234 2227 1288 homines
2248 1239 2251 1246 '
2275 1242 2517 1312 pejerare

366 1333 478 1368 non
503 1314 772 1369 dubitent.

439 1413 578 1464 Nor.
635 1411 862 1464 86—88.
921 1409 1074 1465 Notae
1120 1423 1247 1464 sunt
1288 1411 1565 1464 sententiae
1604 1423 1846 1464 veterum
1884 1412 2337 1485 philosophorum
2354 1455 2371 1481 ‚
2422 1421 2518 1490 qui

371 1491 502 1546 deos
531 1493 616 1546 vel
653 1512 791 1554 esse,
820 1494 938 1559 vel,
967 1507 1028 1546 ut
1055 1493 1340 1566 Epicurei,
1365 1512 1450 1546 res
1475 1495 1740 1546 humanas
1772 1511 1961 1547 curare
1982 1496 2281 1566 negabant,
2315 1501 2517 1572 quique

369 1576 634 1629 Naturam
656 1574 950 1628 credebant
982 1577 1068 1628 vel
1101 1576 1243 1630 nihil
1283 1573 1432 1629 aliud
1476 1595 1639 1647 quam
1678 1579 1883 1640 Deum,
1919 1579 2006 1630 vel
2042 1579 2111 1630 ab
2150 1597 2216 1632 eo
2248 1580 2517 1637 diversam

368 1677 500 1712 esse.
523 1658 678 1712 Conf.
702 1677 838 1729 quos
858 1661 972 1731 jam
999 1659 1092 1712 alii
1114 1657 1437 1722 laudarunt,
1465 1660 1605 1712 Plin.
1626 1659 1703 1722 11,
1732 1677 1791 1729 73
1818 1659 2001 1713 Senec.
2030 1660 2101 1714 de
2132 1662 2375 1731 Provid.;
2401 1666 2514 1720 Cic.

370 1740 440 1804 de
455 1743 580 1796 Nat.
605 1744 797 1806 Deor.;
820 1742 962 1796 Plut.
987 1740 1056 1796 de
1075 1743 1223 1796 Plac.
1249 1741 1452 1795 Philos.
1485 1742 1535 1806 1,
1565 1753 1619 1794 et
1648 1742 1789 1814 inpr.
1822 1743 2005 1796 Barth.
2036 1748 2105 1796 ad
2138 1745 2427 1803 claudian.
2459 1751 2517 1803 in

368 1821 548 1878 Rufin.
573 1827 629 1889 1,
675 1843 700 1877 r
742 1842 851 1896 seq.
887 1843 1012 1897 pag.
1054 1833 1418 1896 1077—1094.
1444 1826 1526 1877 De
1550 1825 1893 1896 antiquorum
1915 1844 2042 1879 vero
2066 1828 2521 1902 philosophorum

369 1909 640 1980 theologia
677 1909 980 1964 accuratius
1014 1908 1358 1981 disputarunt
1397 1911 1726 1973 Tiedemann‚
1756 1912 1969 1959 Meiners
1984 1948 1999 1972 ,
2036 1913 2191 1962 Bultle
2233 1927 2286 1965 et
2324 1919 2515 1967 Tenue-

367 2012 533 2046 mann.
555 2023 622 2034 --
648 1995 828 2046 omnia
841 2007 1052 2058 ponant,
1077 2011 1262 2046 omnes
1278 2012 1364 2047 res
1379 1993 1645 2046 humanas
1664 1991 1927 2045 contineri
1946 1991 2263 2048 existiment.

437 2090 574 2144 Nor.
615 2090 702 2160 87.
743 2093 960 2154 Movet-i,
987 2089 1288 2161 gubernari.

437 2186 576 2238 Nor.
631 2183 716 2238 88.
757 2190 949 2236 Natura
985 2189 1218 2237 volvente
1253 2188 1424 2251 vices,
1456 2183 1773 2239 moderante
1809 2185 2229 2254 vicissitudines,
2266 2202 2327 2242 ut
2362 2191 2511 2266 apud

370 2267 523 2338 Vir-g.
561 2264 777 2320 AEneid.
811 2266 929 2333 ΙΙΙ,
967 2267 1094 2340 376,
1128 2279 1183 2322 et
1207 2268 1490 2324 Claudian.
1532 2269 1586 2320 in
1616 2268 1797 2322 Rufin.
1820 2269 1866 2334 1,
1890 2272 1941 2336 6,
1961 2271 2059 2324 ubi
2081 2270 2191 2328 vid.
2220 2272 2403 2328 Barth.

435 2421 570 2471 Van.
605 2423 694 2486 89.
727 2422 892 2486 Aeque
908 2437 1060 2488 ergo,
1095 2439 1174 2470 rr.

368 2517 572 2647 XINor.
613 2514 702 2580 89.
740 2517 942 2566 Altaria
978 2527 1215 2584 tangunt,
1247 2513 1344 2586 qui
1373 2514 1460 2571 vel
1494 2529 1804 2588 precantur,
1828 2516 1913 2572 vel
1936 2519 2140 2588 jurant.
2183 2517 2397 2575 Confer.
2436 2524 2507 2578 ad

449 2598 520 2661 V,
546 2615 664 2666 ²¹9-

436 2693 610 2745 Anu..
649 2693 910 2760 90-105,
949 2693 1208 2748 Praeclare
1223 2695 1567 2768 perjurorum
1587 2693 1799 2747 animus
1819 2691 2189 2745 adumbratur.

437 2842 570 2889 Vn.
607 2855 694 2905 91.
731 2841 1034 2907 Atpejerae,
1061 2841 1143 2892 16.

435 2937 571 2987 Nor.
608 2935 692 2999 93.
733 2935 936 3006 Perjuri
966 2935 1035 2987 ab
1073 2933 1203 3005 ipsis
1236 2933 1352 2985 Diis
1379 2950 1537 3004 poena
1561 2944 1613 2984 et
1634 2932 1955 3003 plerumque
1974 2929 2195 3004 quidem
2226 2937 2506 3005 praesenti,

369 3016 507 3086 inpr.
531 3014 794 3082 cacitate,
819 3015 1070 3068 mulctari
1091 3013 1450 3067 credebantur
1471 3027 1524 3067 et
1545 3014 1616 3066 ab
1640 3012 1799 3066 Iside.
1823 3014 1979 3066 Cons.
2004 3013 2165 3069 Ovid.
2186 3018 2370 3071 Amor.
2396 3021 2503 3085 111,

371 3099 420 3160 3,
449 3116 498 3163 1,
524 3117 572 3162 ²,
597 3109 650 3150 et
677 3116 738 3150 ex
766 3099 940 3150 Ponto
969 3098 1026 3165 I,
1065 3115 1110 3161 t,
1141 3099 1200 3151 51
1233 3116 1340 3168 seq.
1365 3097 1518 3169 Apul.
1545 3098 1674 3150 Met.
1696 3095 1862 3161 VIII,
1884 3117 2007 3168 pag.
2033 3101 2151 3162 213,
2182 3119 2233 3168 9,
2253 3100 2337 3154 ed.
2360 3103 2498 3156 Elm.

367 3181 582 3235 Jacobs.
614 3181 682 3234 ad
714 3182 932 3235 Anthol.
961 3181 1056 3234 Gr.
1078 3183 1184 3235 vol.
1215 3181 1302 3246 11,
1330 3193 1468 3253 part.
1497 3182 1555 3231 11
1566 3218 1582 3245 ,
1613 3198 1737 3251 pag.
1768 3183 1897 3242 466,
1938 3193 1989 3233 et
2020 3185 2279 3234 Jablomki
2308 3186 2502 3239 Panth.

369 3269 584 3338 AEgypt.
606 3277 734 3318 tom.
758 3265 812 3327 Ι,
835 3283 958 3336 pag.
987 3282 1010 3317 1
1025 3283 1045 3316 r
1061 3283 1106 3326 r,
1133 3282 1252 3328 ιη,
1273 3264 1370 3316 ubi
1395 3276 1604 3325 monet,
1625 3280 1873 3332 magnam
1904 3281 2112 3336 semper
2140 3265 2302 3319 fuisse
2319 3280 2373 3319 et
2388 3285 2500 3321 esse

365 3349 531 3404 hodie
553 3350 606 3403 in
630 3353 866 3422 AEgypto
889 3368 1149 3403 cecorum
1170 3348 1568 3402 multitudinem
1582 3386 1598 3411 ,
1635 3347 1780 3399 hauc
1804 3366 1928 3400 vero
1950 3347 2238 3401 caecitatem
2260 3368 2291 3401 a
2314 3367 2500 3421 super-

367 3433 584 3486 stitiosis
596 3433 906 3486 hominibus
926 3431 1085 3486 Isidis
1105 3433 1216 3495 iroe,
1239 3451 1347 3486 non
1365 3432 1704 3485 naturalibus
1721 3431 1913 3494 causis,
1933 3433 2117 3484 tribui.
2141 3431 2293 3485 Idem
2312 3432 2379 3486 de
2398 3435 2501 3488 hac

368 3515 468 3569 dea
487 3517 702 3590 copiose
721 3515 828 3588 egit
855 3513 988 3568 ibid.
1009 3527 1138 3568 tom.
1160 3516 1236 3579 11,
1255 3532 1376 3586 pag.
1400 3516 1432 3568 3
1453 3533 1563 3586 seq.
1590 3544 1659 3555 —-
1677 3516 1819 3564 Isidis
1840 3526 2017 3566 autem
2034 3533 2186 3568 sacra
2214 3533 2243 3566 e
2266 3519 2503 3588 peregri-

369 3597 450 3650 nis
469 3597 696 3650 maxime
713 3597 962 3668 vigebant
983 3597 1163 3650 Roma
1184 3608 1239 3650 et
1260 3596 1772 3668 superstitiosissime
1793 3598 2105 3667 agebantur.
2128 3597 2283 3650 Conf.
2306 3598 2377 3652 ad
2406 3603 2498 3667 VI,

369 3681 664 3746 sas—541,
693 3681 820 3747 ΧΠ,
843 3682 936 3744 28,
962 3694 1016 3733 et
1037 3681 1210 3753 Heyn.
1233 3679 1303 3732 ad
1324 3679 1528 3733 Tihun.
1561 3681 1605 3744 1,
1629 3679 1679 3746 3,
1702 3681 1763 3732 23
1786 3699 1897 3751 seq.
1926 3678 2007 3731 Ad
2028 3681 2170 3733 hanc
2190 3701 2383 3736 vanam
2408 3703 2497 3738 su-

365 3763 732 3835 perstitionem
753 3763 1216 3836 perstringendam
1236 3777 1441 3836 spectat
1460 3765 1661 3818 mentio
1686 3762 1848 3816 Isidis
1862 3775 1915 3816 et
1932 3768 2063 3816 sistri
2076 3805 2089 3830 ,
2113 3784 2221 3837 quo
2244 3771 2375 3820 irata
2397 3769 2499 3824 dea

367 3849 578 3910 Iumina,
615 3847 829 3908 oculos,
857 3858 1105 3900 excutere
1128 3846 1366 3918 fingitur.
1391 3851 1595 3900 Siserum
1622 3849 2005 3915 (Isiskzapper)
2034 3865 2143 3918 quo
2170 3848 2303 3901 olim
2324 3869 2497 3906 sacer-

368 3927 519 3982 dotes
545 3928 704 3982 Isidis
727 3931 1047 3983 accinebant
1067 3929 1160 3991 iis,
1179 3930 1274 4002 qui
1299 3943 1524 3984 mortem
1552 3928 1782 3982 Osiridis
1801 3930 2179 3983 lamentatione
2198 3933 2498 4005 complora-

367 4011 498 4062 bant
515 4051 530 4074 ‚
563 4025 678 4065 erat
692 4030 900 4065 aeneum
921 4010 1320 4085 rotundumque
1343 4012 1755 4086 crepitaculum‚
1786 4031 1818 4064 a
1835 4012 2037 4064 σιίισθοιι
2052 4051 2067 4074 ,
2092 4027 2401 4080 concutere,
2424 4017 2501 4068 sic

366 4091 594 4160 dictum,
631 4095 688 4148 in
717 4097 868 4168 cujus
902 4106 1060 4167 parte
1089 4096 1360 4168 superiore
1394 4095 1514 4150 felis
1548 4113 1671 4148 cum
1709 4093 1839 4147 facie
1868 4095 2133 4163 humana,
2162 4097 2219 4148 in
2252 4098 2502 4152 inferiore

631 4179 722 4244 II.
2162 4181 2239 4244 18
