3050 4884
463 347 593 412 316
1006 347 1089 412 D.
1133 345 1411 411 JUNH
1453 343 2024 410 JUVENALIS

460 462 621 532 Non
657 461 879 555 potuit
910 485 1175 532 servare
1200 485 1395 531 suas:
1426 485 1592 556 ergo
1618 459 1843 528 omnia
1868 461 1922 528 F
1923 457 2117 545 lorae,

456 572 549 638 Et
578 569 840 640 Cereris
868 569 1061 655 licet,
1094 586 1163 641 et
1185 567 1463 665 Cybeles
1490 567 1698 638 aulaea
1724 565 2104 663 relinquas:

458 679 676 748 Tanto
714 680 999 773 majores
1030 680 1327 749 humana
1358 679 1634 775 negotia
1668 674 1840 747 ludi!
1885 685 1889 690 '
2379 745 2384 750 ,

552 792 663 859 Αη
693 789 903 884 magis
930 788 1277 861 oblectant
1303 789 1608 858 animum
1638 787 1890 882 jactata
1921 803 2208 882 petauro
2503 803 2602 858 265

455 899 797 994 Corpora,
826 900 1079 995 quippe
1114 897 1285 970 solet
1312 913 1574 968 rectum
1604 895 2009 968 descendere
2041 896 2314 984 funem,

454 1005 679 1093 Quam
718 1021 829 1094 tu,
867 1009 1157 1103 Corycia
1187 1031 1457 1101 semper
1492 1009 1610 1101 qui
1648 1029 1880 1101 puppe
1915 999 2202 1076 moraris

454 1117 676 1211 Atque
702 1116 995 1204 habitas,
1031 1123 1215 1191 Coro
1242 1141 1509 1211 semper
1538 1116 1878 1188 tollendus
1909 1132 1979 1188 et
2002 1121 2288 1206 Austro,

452 1223 769 1295 Perditus
798 1250 877 1295 ac
903 1225 1055 1296 vilis
1082 1227 1255 1297 sacci
1288 1242 1624 1296 mercator
1649 1224 1923 1314 olentis;

452 1335 593 1426 Qui
628 1337 878 1430 gaudes
910 1338 1167 1432 pingue
1198 1337 1491 1430 antiquae
1522 1336 1606 1405 de
1635 1333 1830 1406 litore
1863 1340 2086 1408 Cretae
2507 1369 2607 1420 270

452 1447 764 1532 Passum,
804 1461 874 1515 et
908 1447 1288 1540 municipes
1316 1448 1357 1514 J
1361 1445 1509 1514 ovis
1533 1445 1876 1514 advexisse
1906 1445 2222 1540 lagenas?

452 1555 586 1644 Hic
620 1569 843 1625 tamen
874 1556 1155 1650 ancipiti
1188 1555 1403 1650 figens
1429 1555 1718 1650 vestigia
1747 1552 2012 1648 planta,

452 1664 727 1736 Victum
757 1664 868 1735 illa
896 1665 1209 1736 mercede
1240 1679 1464 1759 parat,
1503 1665 1952 1758 brumamque
1981 1661 2358 1758 famemque

454 1771 579 1842 Illa
614 1788 791 1842 reste
824 1788 1051 1859 cavet3
1086 1788 1163 1843 tu
1190 1787 1471 1867 propter
1498 1771 1678 1842 mille
1705 1770 1954 1842 talenta

452 1886 544 1952 Et
572 1867 845 1953 centum
877 1883 1067 1953 villas
1097 1884 1499 1955 temerarius
1533 1909 1549 1951 :
1584 1881 1853 1976 adspice
1876 1895 2145 1975 portuS,
2505 1902 2603 1966 275

453 1997 543 2064 Et
576 1994 851 2090 plenum
886 1993 1148 2090 magnis
1179 1994 1487 2080 trabibus
1514 2018 1738 2081 mare3
1778 1989 1930 2087 plus
1961 1989 2316 2062 hominum
2345 1995 2604 2089 estjam

458 2266 563 2341 qui
584 2267 663 2324 ab
687 2267 893 2325 iisdem
912 2267 1238 2325 latronibus
1257 2270 1415 2346 galea
1437 2287 1675 2345 quoque
1693 2286 1794 2324 sua
1816 2265 2094 2343 spoliatus
2111 2277 2228 2338 est,
2253 2285 2322 2323 ac
2338 2285 2466 2324 suas
2483 2266 2605 2342 ipse

454 2377 547 2416 res
586 2357 777 2417 amisit
804 2380 819 2416 ε
850 2359 900 2418 si
940 2361 1095 2436 quis,
1130 2361 1397 2437 inquam,
1436 2381 1720 2422 aerumnas
1751 2379 2064 2418 avarorum
2093 2371 2346 2436 spectet,
2389 2378 2478 2418 nae
2505 2363 2605 2420 ille

453 2453 813 2528 voluptatem
842 2472 915 2510 ex
946 2473 1015 2512 eo
1038 2457 1365 2530 spectaculo
1393 2453 1678 2531 percipiet
1703 2454 1986 2529 majorem
2006 2454 2106 2510 illa
2120 2495 2139 2525 ,
2161 2473 2288 2530 quae
2315 2453 2609 2531 colligitur

456 2562 491 2601 e
528 2545 898 2620 spectaculis,
933 2546 1057 2604 sive
1086 2547 1323 2604 scenicis
1338 2589 1357 2620 ,
1398 2547 1521 2604 sive
1551 2547 1904 2605 circensibus
1917 2587 1937 2618 ‚
1972 2565 2008 2602 a
2038 2557 2290 2621 praetore
2319 2547 2414 2604 vel
2443 2547 2606 2604 ditis-

452 2635 601 2695 simo
626 2636 815 2694 editis.
852 2640 1071 2696 Omnes
1102 2657 1245 2716 ergo
1275 2638 1447 2697 ludos
1474 2639 1806 2716 relinquere
1837 2638 2058 2714 poteris
2089 2641 2276 2696 Florae
2292 2681 2310 2711 ,
2343 2639 2568 2697 Cereris
2587 2679 2604 2710 ,

454 2730 733 2806 Cybeles3
768 2741 928 2789 tanto
968 2733 1233 2790 humana*r
1265 2733 1674 2808 occupationes
1688 2774 1707 2805 ,
1743 2732 1920 2790 ludus
1957 2743 2018 2788 et
2051 2733 2442 2807 spectaculum
2473 2743 2607 2791 sunt

452 2821 693 2897 reliquis
714 2825 1051 2897 spectaculis
1068 2823 1415 2899 jucundius!

532 2915 669 2972 265.
712 2919 788 2974 Et
814 2937 959 2975 vero
990 2937 1065 2974 an
1103 2919 1404 2995 voluptate
1440 2919 1749 2994 liquidiori
1782 2919 2084 2995 perfundit
2111 2918 2370 2975 animum
2411 2937 2605 2977 meum

450 3009 821 3068 funambulus
836 3053 854 3082 ,
883 3011 1035 3088 agile
1049 3031 1271 3088 corpus
1297 3031 1409 3088 per
1434 3025 1746 3089 petaurum
1775 3012 2168 3070 transmittens
2181 3053 2200 3085 ,
2237 3023 2338 3070 aut
2374 3012 2476 3088 qui
2496 3029 2605 3087 per

452 3103 651 3160 funem
665 3114 889 3160 rectum
908 3103 1174 3175 devolat,
1206 3124 1381 3180 quam
1406 3116 1473 3162 tu
1489 3148 1507 3177 ,
1526 3105 1732 3162 infelix
1758 3123 1948 3176 avare,
1969 3104 2073 3180 qui
2090 3115 2374 3180 perpetuo
2390 3103 2454 3158 in
2469 3102 2604 3159 navi

453 3194 748 3265 Cretensi,
782 3207 1055 3272 tanquam
1076 3197 1141 3254 in
1168 3197 1397 3256 addicta
1420 3197 1531 3255 tibi
1553 3199 1751 3269 domo,
1785 3199 2052 3270 versaris,
2073 3197 2263 3255 ventis
2283 3206 2341 3252 et
2365 3194 2601 3252 naufra-

451 3286 561 3364 giis
590 3305 819 3364 semper
846 3286 1137 3346 obnoxius
1157 3289 1634 3366 miserrimusque
1647 3331 1666 3362 ,
1696 3301 1765 3347 ut
1783 3291 2065 3366 quasdam
2087 3289 2286 3348 odoris
2313 3284 2599 3365 gravioris

450 3397 671 3437 merces
696 3399 730 3436 e
765 3378 963 3439 Sicilia
978 3421 995 3451 ,
1034 3390 1135 3437 aut
1168 3399 1203 3438 e
1239 3382 1411 3439 Creta
1440 3383 1735 3459 liquorem
1770 3401 1843 3440 ex
1870 3383 2000 3439 uvis
2031 3383 2108 3440 ad
2133 3381 2314 3439 solem
2341 3378 2603 3436 arefactis

449 3491 811 3547 expressum,
858 3484 918 3530 et
953 3472 1159 3530 vinum
1186 3471 1249 3529 in
1276 3473 1488 3532 eodem
1530 3474 1696 3552 quasi
1727 3475 2052 3553 municipio
2095 3493 2217 3551 quo
2243 3472 2472 3550 Jupiter
2504 3491 2606 3528 na-

448 3574 604 3634 tum,
631 3567 881 3623 Romam
914 3553 1201 3622 devehas?
1238 3567 1346 3623 Ille
1372 3577 1570 3625 tamen
1599 3567 1972 3626 funambulus
1986 3609 2004 3639 ,
2038 3567 2144 3643 qui
2173 3586 2281 3643 per
2309 3576 2604 3624 extensum

450 3657 647 3714 funem
678 3657 917 3734 ancipiti
946 3677 1011 3714 ac
1058 3657 1288 3716 lubrico
1316 3659 1539 3716 incedit
1575 3678 1776 3736 gressu
1791 3700 1807 3730 ,
1857 3661 1967 3717 hac
1999 3671 2124 3716 arte
2154 3659 2336 3716 vitam
2361 3659 2609 3729 tolet-1¹23

448 3750 555 3806 hac
582 3748 767 3826 frigus
790 3761 849 3806 et
868 3751 1079 3806 famem
1107 3750 1346 3825 depellit
1369 3773 1383 3807 ε
1407 3762 1474 3807 tu
1496 3751 1670 3808 tantis
1691 3751 1966 3825 periculis
1986 3771 2052 3808 ac
2070 3749 2371 3808 laboribus
2393 3761 2611 3807 temere

450 3851 625 3917 caput
654 3840 891 3915 objicis,
918 3852 987 3898 ut
1015 3841 1172 3899 mille
1192 3861 1490 3919 compares
1514 3844 1731 3902 talenta
1747 3885 1764 3916 ,
1786 3854 1854 3900 ut
1875 3855 2109 3901 centum
2126 3842 2293 3900 villas
2321 3861 2608 3902 numeres.

450 3933 857 4009 Contemplare
878 3944 1083 4008 portus
1105 3975 1121 4004 ‚
1156 3947 1215 3992 et
1235 3936 1513 3993 refertum
1541 3936 1862 4010 majoribus
1889 3935 2134 4013 navigiis
2159 3953 2382 4010 aequor,
2415 3937 2609 4012 plures

445 4029 568 4103 jam
595 4025 821 4084 videbis
850 4025 1119 4084 homines
1150 4027 1215 4084 in
1234 4029 1383 4086 mari
1397 4069 1415 4102 ,
1436 4047 1613 4103 quam
1641 4030 1704 4088 in
1733 4029 1856 4106 ipsa
1883 4039 2060 4086 terra.
2096 4027 2473 4107 Conveniunt
2503 4045 2610 4084 nu·-

452 4139 692 4178 merosae
713 4119 937 4192 classes,
956 4117 1311 4196 ubicumque
1326 4121 1477 4180 lucri
1491 4121 1744 4182 faciendi
1753 4141 1883 4198 spes
1901 4120 2154 4193 affulsit,
2169 4139 2362 4196 neque
2383 4129 2607 4182 tantum
