3050 4884
1096 394 1463 460 SATIRA
1514 395 1820 462 NONA.

374 507 703 601 Cymbala
737 508 1067 604 pulsantis
1102 509 1397 604 legatum
1428 509 1548 578 fiet
1579 512 1820 581 amici?

378 617 749 712 [mprobus
778 643 849 688 es
870 670 889 704 ,
919 644 1129 712 quum
1161 622 1413 714 posciS,
1447 620 1542 689 ais
1569 645 1586 690 ε
1616 621 1734 689 sed
1773 623 2010 718 pensio
2041 622 2314 708 clamat,

380 727 631 810 Posce;
660 727 780 796 sed
806 725 1103 823 appellat
1136 754 1307 824 puer
1334 729 1607 816 unicus»,
1636 747 1714 800 ut
1737 731 2142 827 Polyphemi

382 835 551 902 Lata
580 837 793 920 acies,
836 861 961 932 per
995 862 1197 930 quam
1233 837 1465 907 sollers
1500 841 1710 908 evasit
1741 839 1992 912 Ulixes.
2471 859 2536 911 65

386 943 579 1014 Alter
608 947 940 1016 emendus
977 948 1144 1035 erit3
1176 973 1467 1042 namque
1494 950 1606 1020 hic
1635 976 1774 1020 non
1809 953 2065 1023 sufficit
2095 979 2109 1021 :
2141 953 2342 1021 ambo

384 1055 711 1126 Pascendi
737 1083 753 1124 :
784 1057 952 1150 quid
979 1083 1169 1152 agam
1196 1059 1439 1126 bruma
1467 1057 1804 1153 spirante?
1836 1063 2032 1156 quid,
2063 1087 2185 1131 oro
2208 1114 2228 1146 ,

384 1165 571 1252 Quid
603 1165 821 1236 dicam
856 1167 1145 1263 scapulis
1173 1193 1542 1263 puerorum
1579 1171 1918 1266 Aquilone
1945 1174 2342 1259 Decembri,

389 1277 477 1342 Et
504 1274 841 1368 pedibus?
868 1276 1145 1364 durate,
1176 1291 1377 1371 atque
1408 1295 1812 1373 exspectate·
1829 1281 2134 1351 cicadas?

387 1385 685 1464 Verum,
714 1401 793 1454 ut
825 1387 1233 1474 dissimuleS,
1266 1404 1342 1457 ut
1368 1389 1592 1458 mittas
1624 1405 1879 1476 cetera,
1911 1406 2167 1485 quanto
2475 1423 2544 1475 70

392 1494 659 1563 Metiris
690 1497 949 1589 preti0,
975 1496 1196 1592 quod,
1229 1499 1299 1566 ni
1338 1499 1459 1567 tibi
1488 1499 1759 1570 deditus
1786 1526 1998 1572 essem

390 1606 829 1701 Devotusque
858 1609 1068 1677 cliens
1088 1661 1107 1696 ,
1138 1634 1308 1678 uxor
1341 1625 1455 1678 tua
1492 1611 1680 1704 virgo
1719 1612 2065 1682 maneret?

390 1716 532 1784 Scis
564 1732 747 1786 certe
769 1770 789 1802 ,
818 1718 1063 1811 quibus
1094 1719 1219 1788 ista
1252 1718 1507 1806 modiS,
1536 1745 1738 1814 quam
1771 1747 1947 1816 saepe
1982 1723 2274 1815 rogaris,

388 1827 477 1894 Et
512 1852 661 1920 quae
690 1827 1033 1921 pollicitus
1060 1853 1076 1896 ε
1110 1828 1487 1922 fugientem
1517 1855 1692 1924 saepe
1722 1829 2010 1924 puellam

388 1936 720 2029 Amplexu
754 1938 948 2031 rapui
976 1963 993 2006 :
1024 1938 1283 2006 tabulas
1310 1963 1580 2034 quoque
1613 1955 1926 2033 ruperat,
1961 1955 2030 2008 et
2051 1940 2194 2032 jam
2477 1957 2544 2025 75

388 2047 751 2140 Signabat:
784 2063 929 2116 tota
961 2048 1081 2118 vix
1111 2049 1242 2118 hoc
1272 2075 1401 2144 ego
1428 2066 1634 2120 nocte
1667 2051 1956 2136 redemi,
2019 2106 2026 2112 .

390 2157 489 2224 Te
528 2156 838 2251 plorante
876 2157 1065 2227 foris.
1096 2161 1315 2229 Testis
1341 2160 1508 2228 mihi
1537 2159 1854 2245 lectulus,
1889 2175 1958 2228 et
1987 2176 2056 2229 tu
2081 2212 2100 2245 ,

396 2265 501 2333 Ad
530 2290 735 2359 quem
764 2267 1073 2363 pervenit
1097 2267 1252 2337 lecti
1284 2293 1489 2338 sonus
1510 2323 1530 2355 ,
1559 2285 1626 2338 et
1653 2269 1944 2338 dominae
1976 2293 2130 2337 vox,

2495 421 2532 484 Κ]

393 2479 523 2530 eu'm
542 2483 725 2528 matre
740 2514 757 2542 ,
780 2483 840 2528 et
860 2475 1064 2530 casulis
1078 2515 1095 2544 ,
1118 2484 1177 2531 et
1195 2475 1385 2530 catulo
1408 2475 1744 2531 colludente
1757 2515 1775 2544 ,
1800 2492 1923 2530 uno
1942 2472 2128 2529 verbo
2148 2481 2330 2528 totam
2346 2473 2544 2531 villam

394 2573 741 2620 testamento
767 2565 1047 2640 legaveris
1074 2565 1263 2622 amico
1280 2575 1389 2622 tuo
1412 2565 1644 2639 pathico
1661 2605 1678 2634 ‚
1707 2565 1952 2640 Cybeles
1975 2563 2233 2638 cymbala
2255 2563 2546 2638 pulsanti?

394 2655 577 2712 Nimis
606 2655 853 2712 moleste
876 2666 935 2712 et
964 2655 1336 2730 impudenter
1372 2659 1630 2730 postulas
1644 2699 1662 2729 ,
1691 2657 1904 2731 inquis.
1939 2655 2056 2712 Sed
2090 2656 2392 2714 necessitas
2427 2659 2548 2714 sol-

395 2747 567 2804 vendi
584 2766 699 2822 pro
718 2747 891 2804 rebus
908 2747 1209 2804 conductis
1226 2747 1401 2822 pretii
1422 2749 1566 2804 mihi
1581 2750 1782 2804 clamat
1801 2767 1819 2816 ;
1838 2764 2013 2820 posce
2031 2768 2044 2802 :
2067 2757 2126 2802 et
2143 2747 2294 2803 adid
2311 2767 2548 2823 quoque

396 2859 487 2898 me
522 2841 683 2916 cogit
708 2857 909 2898 servus
938 2857 1115 2913 quem
1144 2840 1382 2896 unicum
1414 2840 1636 2904 habeo,
1672 2839 1823 2894 sicut
1851 2837 2242 2912 Polyphemus
2279 2840 2549 2911 oculum,

394 2931 501 2988 etsi
542 2934 655 2988 lata
702 2931 825 2988 acie
842 2971 859 2999 ,
900 2929 1139 2986 unicum
1184 2941 1405 2998 temen,
1456 2939 1706 3002 propter
1752 2947 1928 3002 quem
1970 2929 2324 2984 terebratum
2366 2931 2548 2990 solers

396 3023 624 3095 ulysses
640 3021 889 3078 evadere
903 3021 1113 3094 potuit.
1132 3021 1395 3078 Alterum
1416 3020 1590 3075 etiam
1607 3037 1798 3093 emere
1815 3018 2141 3094 oportebit,
2163 3018 2379 3096 quippe
2395 3041 2548 3080 unus

392 3111 483 3168 hie
504 3112 647 3166 mibi
678 3131 801 3168 non
826 3111 1073 3168 sufficit:
1096 3122 1345 3186 uterque
1370 3110 1720 3166 nutriendus
1749 3110 1879 3167 erit.
1915 3110 2077 3180 Quid
2104 3110 2286 3186 igitur
2310 3113 2546 3185 faciam,

394 3203 595 3277 hyeme
624 3203 935 3260 saeviente?
976 3203 1121 3276 quid
1154 3203 1553 3278 respondebo,
1584 3220 1808 3276 quaeso,
1838 3201 2142 3274 mancipiis
2180 3203 2324 3258 meis
2354 3203 2545 3261 nudos

390 3295 663 3352 humeros
686 3314 754 3352 ac
778 3294 955 3369 pedes
980 3295 1277 3352 decembri
1302 3313 1498 3352 mense
1526 3293 2010 3350 ostendentibus?
2035 3293 2297 3349 dicamne
2319 3295 2344 3349 i’
2363 3294 2548 3371 frigus

392 3387 670 3461 perferte,
704 3387 891 3444 donec
926 3397 1176 3444 aetatem
1207 3386 1447 3444 rediisse
1486 3397 1776 3444 testentur
1813 3386 2041 3443 cicadae.
2075 3388 2296 3442 Verum
2325 3387 2548 3446 etiamsi

392 3477 713 3534 dissimules
730 3489 789 3534 et
815 3489 1021 3536 caetera
1047 3478 1306 3550 omittas,
1336 3478 1540 3553 quanti
1563 3478 1806 3536 aestimas
1824 3521 1844 3552 ,
1869 3478 2033 3552 quod
2051 3477 2164 3533 nisi
2185 3478 2292 3534 tibi
2313 3479 2546 3537 fuissem

390 3571 683 3642 addictus,
706 3582 767 3628 et
786 3571 1166 3646 obsequiosus
1188 3571 1365 3628 cliens
1378 3613 1395 3642 ,
1417 3589 1573 3629 uxor
1595 3583 1694 3628 tua
1713 3571 1902 3628 adbuc
1927 3568 2033 3626 tibi
2051 3570 2310 3630 invalido
2337 3573 2556 3630 intacta

388 3666 543 3724 foret
558 3707 577 3737 ,
604 3667 817 3724 nedum
840 3667 1155 3742 pepererit.
1176 3667 1347 3725 Nosti
1364 3669 1634 3742 profecto
1665 3667 1880 3743 quibus
1906 3666 2125 3738 modis,
2161 3678 2218 3724 et
2241 3688 2416 3742 quam
2433 3669 2550 3727 fre-

388 3772 641 3834 quenter
667 3761 809 3817 iilud
828 3772 1001 3832 tuum
1018 3780 1051 3817 a
1072 3779 1169 3817 me
1196 3759 1457 3818 officium
1478 3757 1863 3836 postulaveris
1880 3800 1897 3830 ,
1927 3769 1987 3816 et
2014 3777 2141 3833 quae
2163 3779 2397 3818 rursum
2412 3761 2512 3837 pol
2527 3793 2548 3806 -

386 3851 581 3908 licitus
616 3871 693 3908 es.
728 3855 855 3928 Ego
886 3871 1034 3927 saepe
1067 3871 1193 3910 eam
1221 3853 1401 3910 domo
1433 3853 1742 3910 abeuntem
1775 3851 1916 3908 meis
1957 3853 2317 3927 amplexibus
2347 3873 2381 3910 e
2410 3855 2546 3932 suga

382 3943 635 4000 retraxi:
663 3945 881 4002 tabulas
912 3945 1085 4002 etiam
1108 3943 1395 4020 nuptiales
1415 3945 1536 4018 jam
1564 3953 1832 4018 ruperat,
1863 3953 1923 4000 et
1947 3943 2086 4000 alies
2119 3945 2417 4020 signabat:
2443 3945 2540 4004 vix

380 4053 493 4110 ego
526 4037 709 4092 totius
728 4037 917 4093 noctis
946 4037 1147 4094 labore
1168 4049 1361 4096 vestra
1381 4039 1503 4094 haec
1526 4033 1764 4093 dissidia
1793 4034 2126 4110 composui,
2157 4045 2214 4092 te
2243 4035 2389 4093 foris
2409 4046 2544 4094 ante

391 4127 646 4188 cubiculi
672 4129 907 4203 januam
940 4131 1313 4209 lacrymante.
1348 4133 1547 4190 Testes
1585 4129 1816 4206 appello
1856 4139 1914 4188 et
1945 4131 2188 4200 lectum,
2227 4141 2288 4187 et
2323 4140 2408 4202 te,
2444 4131 2545 4208 qui
