3050 4884
508 359 637 444 298
736 355 1081 424 SATmAE
1124 355 1489 424 nEcmAE
1533 355 1926 440 QUARTAE
1970 339 2439 425 ANALYsss?

498 486 646 544 ditas
666 486 732 544 in
756 486 1133 544 omne-scelus
1159 483 1375 560 rapiet,
1406 501 1518 540 nec
1541 482 1784 559 tibiipsi
1804 497 2036 563 parcet,
2061 486 2111 544 si
2137 484 2258 543 vita
2277 486 2450 544 nimis
2470 488 2644 564 longa

493 591 644 648 votis
680 589 801 665 ejus
840 589 1161 659 obstiterit,
1201 585 1543 657 244—255.
1577 583 1776 645 Minus
1814 589 2084 664 profecto
2116 590 2444 666 jucundum
2469 591 2642 648 nobis

488 696 879 770 spectaculum
913 695 1176 772 praebent
1204 691 1333 750 ludi
1358 691 1574 750 scenici
1599 691 1956 768 ludicraeque
1985 703 2140 752 artes
2154 735 2173 766 ,
2213 713 2386 770 quam
2419 695 2648 752 labores

494 808 557 853 et
578 797 861 872 pericula,
894 815 1021 872 quae
1052 796 1203 854 lucri
1225 815 1396 876 causa
1416 815 1628 854 avarus
1653 795 1905 873 suscepit
1920 836 1938 867 ,
1969 797 2304 865 256-264.
2321 796 2649 854 Periculosa

496 900 733 975 quidem
765 910 852 960 est
874 919 968 958 ars
990 901 1440 976 petauristarum
1464 912 1525 958 et
1553 901 2031 960 funambulorum
2048 941 2067 974 ,
2097 901 2200 960 sed
2229 903 2306 960 ad
2324 901 2506 958 vitam
2523 921 2650 960 sus·-

494 1007 829 1064 tentandam
846 1017 1065 1084 spectat
1086 1027 1101 1064 z
1129 1025 1335 1064 avarus
1346 1015 1554 1065 contra
1569 1007 1779 1083 majori
1791 1008 1928 1066 vitae
1949 1007 2284 1068 discrimine
2303 1008 2497 1067 omnia
2513 1027 2648 1084 per-

492 1111 679 1170 currit
690 1111 901 1184 maria,
921 1121 990 1168 ut
1010 1110 1229 1169 divitiis
1249 1109 1466 1183 affluat,
1488 1109 1824 1169 265—283.
1844 1111 1964 1169 Alii
1978 1111 2100 1170 aliis
2117 1112 2308 1170 modis
2327 1111 2645 1182 insaniunt,

492 1214 598 1272 sed
620 1231 799 1274 nemo
818 1213 1002 1292 magis
1026 1233 1098 1272 eo
1108 1257 1132 1286 ,
1165 1214 1269 1292 qui
1302 1213 1454 1272 lueri
1488 1233 1592 1290 spe
1623 1225 1822 1292 captus
1849 1235 1925 1274 ne
1947 1235 2097 1274 aava
2125 1215 2362 1292 quidem
2395 1225 2650 1291 tempes-

491 1330 608 1377 tate
636 1319 985 1390 deterretur,
1006 1337 1127 1395 quo
1149 1320 1343 1377 minus
1377 1339 1439 1378 se
1468 1339 1688 1397 suaque
1710 1321 1908 1378 omnia
1927 1322 2034 1378 uni
2059 1322 2273 1384 tabulae
2299 1321 2651 1392 committat,

492 1421 832 1500 284—295.
863 1425 1002 1496 Quo
1022 1422 1091 1480 fit
1112 1442 1395 1500 persaepe,
1424 1435 1494 1482 ut
1516 1427 1724 1482 stultus
1750 1425 1850 1483 ille
1874 1427 2086 1498 homo,
2118 1425 2222 1502 qui
2251 1425 2430 1484 modo
2454 1425 2650 1494 omni,

492 1528 655 1604 quod
675 1547 920 1604 usquam
944 1538 1059 1601 est,
1086 1547 1231 1586 auro
1251 1529 1546 1598 inhiabat,
1566 1549 1708 1588 mox
1727 1530 1936 1608 stipem
1954 1530 2190 1608 colligat
2210 1531 2380 1607 eique
2393 1531 2496 1588 vix
2517 1549 2648 1606 sup·

494 1644 693 1709 petant
718 1634 899 1710 pauni
914 1674 935 1702 ,
966 1634 1177 1710 quibus
1199 1653 1413 1710 eorpus
1429 1635 1626 1693 velare
1644 1635 1830 1712 possit
1843 1677 1863 1706 ,
1885 1635 2220 1713 295--302
2239 1637 2428 1707 Quam
2447 1635 2655 1694 misera

494 1736 749 1813 denique
783 1749 869 1796 est
894 1738 1053 1796 avari
1096 1738 1358 1796 conditio
1377 1781 1397 1811 ,
1442 1739 1547 1815 qui
1573 1739 1834 1814 divitias,
1870 1759 2012 1816 quas
2060 1741 2234 1798 tantis
2277 1740 2387 1798 sibi
2429 1741 2655 1816 paravit

495 1842 650 1900 curis
679 1843 1092 1920 periculisque,
1116 1843 1336 1917 majore
1368 1854 1530 1901 metu
1567 1854 1628 1900 et
1656 1843 2050 1902 sollicitudine
2078 1843 2376 1904 custodit?
2405 1846 2646 1914 Quanto

496 1945 726 2004 felicior
742 1965 983 2024 pauper,
1008 1948 1111 2024 qui
1130 1966 1315 2024 pauca
1332 1947 1571 2024 quidem
1597 1947 1858 2023 possidet
1871 1991 1890 2020 ,
1920 1948 2024 2006 sed
2045 1947 2194 2005 nihil
2213 1946 2381 2022 cupit
2395 1987 2415 2019 ,
2441 1959 2500 2004 et
2515 1967 2654 2022 pru-

501 2049 713 2107 dentiae
745 2049 1011 2124 confidit,
1040 2070 1162 2109 non
1182 2052 1469 2110 fortunae?
1499 2053 1838 2110 303—316.
1868 2053 2012 2123 Quae
2037 2069 2218 2128 quum
2245 2051 2326 2108 ita
2352 2049 2496 2120 sint,
2515 2069 2654 2108 auc-

502 2165 596 2210 tor
624 2153 734 2210 tibi
764 2173 893 2210 sum
907 2195 927 2226 ,
950 2165 1016 2212 ut
1044 2156 1213 2231 plura
1239 2175 1363 2214 non
1384 2157 1752 2234 concupiscas
1767 2197 1787 2228 ,
1812 2175 1987 2232 quam
2006 2175 2135 2232 quae
2157 2155 2234 2213 ad
2255 2155 2471 2212 victum
2489 2155 2654 2212 vitae-

500 2276 626 2346 que.
648 2277 822 2315 usum
848 2259 1177 2336 pertineant
1206 2282 1221 2318 ε
1249 2256 1331 2318 ita
1372 2264 1531 2320 enim
1566 2262 1676 2320 tibi
1707 2262 2051 2340 persuadeas
2078 2260 2284 2332 velim,
2311 2261 2472 2318 nulla
2499 2259 2654 2316 divi-

498 2364 711 2420 tiarum
726 2365 1127 2440 magnitudine
1146 2367 1370 2442 expleri
1386 2387 1575 2444 posse,
1590 2369 1694 2444 qui
1712 2369 1887 2428 rebus
1907 2367 1981 2424 ad
1997 2365 2310 2424 vivendum
2326 2364 2654 2423 necessariis

499 2487 622 2525 non
649 2467 725 2526 sit
750 2481 1088 2543 contentus,
1112 2470 1387 2530 316--33
1401 2491 1450 2529 1.

744 2892 1219 2979 SATIRAE
1277 2891 1808 2980 DECIMAE
1857 2891 2406 3006 QUARTAE

1347 3068 1798 3127 ANALYSIS.

582 3313 771 3374 Satira
802 3314 925 3371 haec
951 3331 1151 3372 rerum
1173 3313 1604 3391 affectuumque
1629 3312 1912 3390 gravitate
1949 3333 2069 3390 prae
2101 3311 2303 3371 ceteris
2337 3308 2567 3368 excellit
2590 3319 2647 3365 et

498 3418 787 3493 praeclaris
826 3417 1125 3476 sententiis
1158 3428 1451 3494 tamquam
1490 3416 1732 3494 gemmis
1775 3415 2050 3476 distincta
2085 3427 2171 3476 est
2211 3411 2548 3474 clarissimis.
2580 3413 2650 3468 In

500 3521 687 3597 prima
736 3521 858 3596 ejus
902 3533 1067 3598 parte
1105 3518 1223 3598 (vs.
1274 3523 1505 3590 1—-134
1531 3523 1579 3601 ),
1621 3522 2052 3601 redarguuntur
2102 3522 2308 3580 acerbe
2353 3528 2645 3595 parentes,

500 3627 777 3702 exemplis
793 3639 853 3684 et
870 3629 1170 3705 praeceptis
1192 3627 1409 3686 liberos
1432 3648 1566 3686 suos
1585 3629 1660 3686 ad
1682 3628 1823 3685 vitia
1847 3631 1942 3687 vel
1961 3630 2025 3686 in
2045 3646 2180 3686 suos
2202 3645 2416 3702 eosque
2435 3643 2646 3701 pravos

504 3748 696 3788 mores
731 3732 1076 3806 formantes,
1116 3733 1179 3790 in
1204 3735 1383 3792 altera
1420 3734 1550 3810 (vs.
1595 3735 1900 3796 135--331
1927 3735 1980 3814 ),
2021 3733 2386 3809 potissimum
2414 3739 2651 3788 notatur

502 3834 758 3892 avaritia.
792 3837 936 3894 Cum
968 3840 1077 3896 hac
1104 3839 1457 3896 conferenda
1484 3837 1716 3896 Horatii
1743 3839 1862 3897 Sat.
1893 3841 1960 3904 1.
1985 3837 2124 3895 libri
2151 3839 2178 3893 1
2195 3879 2215 3905 ‚
2249 3848 2309 3894 et
2328 3837 2432 3892 lib.
2463 3837 2546 3906 11,
2583 3834 2648 3902 3,

512 3937 622 3994 108
644 3955 764 4012 seq.
785 3949 853 3994 ut
873 3939 951 3996 ita
984 3940 1433 4000 diversissimum
1457 3942 1691 3999 dicendi
1715 3962 1894 4018 genus
1913 3941 2218 4017 perspicue
2240 3949 2646 4014 cognoscatur3

500 4039 811 4114 (Horatius
854 4044 1036 4118 enim,
1066 4057 1132 4102 ut
1165 4047 1348 4120 solet,
1378 4046 1642 4104 ridendo
1667 4047 1872 4104 vitium
1901 4047 2014 4103 hoc
2045 4044 2316 4118 corripit,
2356 4041 2646 4100 ,luvenalis
