3050 4884
526 375 654 443 332
773 415 781 422 -
842 378 1187 448 VARIAE
1234 381 1828 448 LECTIONES
1877 381 2004 446 ET
2049 377 2357 448 No'rAE

520 489 715 544 simum
740 495 1022 546 max-moris
1042 495 1404 566 praestantiam
1424 493 1616 548 laudat
1634 494 1778 547 Plin.
1799 495 2048 548 XXXVI
2063 534 2076 557 ,
2105 514 2160 566 7.
2189 498 2358 547 Petitis
2376 498 2541 564 longe,
2561 509 2681 566 pro-

524 572 645 636 cul,
672 593 737 626 ex
766 578 1033 650 AEgypm,
1063 578 1343 642 Armenia,
1371 577 1661 643 Numidia,
1689 591 1796 630 etc.

591 734 729 782 Vsu.
766 751 849 799 90.
886 738 989 798 Ac,
1020 754 1107 800 27,
1128 739 1355 798 46-50,
1380 739 1606 796 54-56,
1631 739 1716 801 59,
1737 740 1820 796 60,
1841 738 1938 798 64,
1957 738 2043 788 65.

552 869 559 875 .
592 824 729 879 Nor.
756 845 841 896 90.
868 833 1115 882 Proenesee
1136 831 1239 883 fuit
1260 831 1470 884 celebre
1492 830 1696 902 templo
1722 831 1972 884 Fortuna
1989 870 2003 894 ‚
2035 828 2216 883 dicato
2241 841 2298 882 et
2315 839 2587 882 exstructo
2609 827 2680 878 ab

520 908 791 979 Augusto,
834 911 933 964 uhi
966 915 1189 967 oracula
1222 927 1277 967 et
1316 927 1486 968 sortes
1523 914 1866 967 Praenestinae
1903 915 2239 980 edebantur,
2277 912 2421 966 unde
2445 913 2682 963 Fortuna

524 991 689 1046 etiam
722 993 1015 1050 dicebatur
1044 1004 1153 1050 Dea
1185 999 1523 1060 Praenestina,
1512 1018 1527 1033 ·
1551 1007 1568 1032 ¹
1601 1001 1778 1051 Tibure
1813 1011 1990 1054 sutem
2019 997 2266 1052 Herculis
2305 997 2409 1050 fuit
2437 995 2602 1059 aedes,
2628 993 2682 1045 τὸ

522 1066 816 1144 Quinem,
844 1078 1066 1134 condita
1088 1099 1119 1134 a
1140 1081 1344 1134 Martio
1362 1079 1646 1152 Philippo,
1671 1079 1868 1134 vitrico
1891 1081 2146 1152 Augusti3
2175 1079 2320 1132 unde
2349 1081 2498 1130 Tibur
2515 1083 2688 1128 Homu-

524 1160 654 1208 lcum
682 1160 704 1228 (
726 1161 835 1214 vid.
860 1163 1039 1216 Strab.
1065 1165 1135 1228 V,
1155 1181 1281 1235 pag.
1312 1167 1443 1227 164,
1472 1177 1525 1216 et
1544 1166 1705 1234 Prop.
1725 1165 1812 1229 11,
1843 1165 1934 1224 32.
1966 1165 2021 1230 53
2052 1163 2152 1229 lv,
2176 1181 2208 1234 7
2217 1163 2378 1233 ‚82).
2405 1158 2518 1214 Sed
2531 1169 2688 1231 poeta

528 1240 669 1296 forte
692 1244 764 1297 ad
790 1247 993 1319 templa
1015 1250 1197 1301 Romae
1218 1247 1443 1302 condita
1472 1248 1738 1319 respexit,
1759 1261 1821 1301 ut
1839 1265 1917 1302 vs.
1937 1265 2049 1318 seq.

598 1340 737 1394 Nor.
778 1359 864 1408 91.
906 1347 1113 1396 Posides
1152 1342 1372 1396 Claudii
1413 1343 1641 1396 Caesaris
1679 1343 1905 1396 libertus
1933 1356 1986 1396 et
2011 1345 2169 1411 spado
2207 1343 2462 1411 (Sueton.
2493 1337 2686 1392 Claud.

527 1424 596 1476 28
622 1426 663 1494 )‚
689 1444 719 1478 a
749 1446 865 1498 quo
886 1427 1137 1480 maximis
1159 1429 1429 1481 sumtibus
1454 1439 1735 1481 exstructae
1758 1428 2042 1480 Posidium
2060 1445 2227 1494 aqua,
2255 1426 2473 1477 therma
2492 1421 2694 1493 magni·-

526 1505 643 1559 ficae
668 1509 725 1561 in
755 1510 913 1563 litore
942 1512 1177 1576 Baian03
1206 1510 1316 1564 vid.
1344 1511 1487 1564 Plin.
1519 1511 1745 1574 xxxl,
1766 1530 1821 1563 s.
1849 1540 1919 1549 -
1946 1513 2205 1570 Vim-ebat,
2237 1507 2497 1560 exstruxit
2523 1504 2688 1568 aedes,

466 1643 471 1646 .
524 1589 684 1643 villas
711 1605 763 1645 et
789 1594 1023 1646 thermas
1039 1632 1056 1659 ,
1096 1612 1216 1664 quae
1240 1591 1618 1663 magnitudine
1651 1605 1708 1646 et
1735 1589 2137 1662 magnificentia
2165 1591 2492 1662 Capitolium
2515 1589 2694 1642 vince·

525 1673 661 1727 bant
684 1693 777 1728 seu
799 1677 1147 1748 superabant.
1184 1705 1256 1716 -—
1278 1675 1525 1740 Quidam
1549 1689 1728 1729 tamen
1753 1676 1988 1747 interpp.
2022 1673 2277 1730 dubitant
2299 1687 2482 1728 utrum
2505 1674 2598 1726 hic
2626 1671 2693 1725 de

528 1757 736 1812 balneis
772 1777 805 1812 a
841 1759 1019 1812 Plinio
1052 1759 1363 1812 memoratis
1390 1759 1592 1812 mentio
1620 1758 1746 1824 fiat,
1778 1777 1848 1812 an
1885 1759 1954 1812 de
1992 1759 2175 1830 aliqua
2213 1757 2377 1812 domo
2405 1777 2569 1830 quam
2595 1757 2698 1809 sibi

528 1857 739 1893 summa
757 1841 1155 1912 magnificentia
1183 1844 1367 1894 Romae
1389 1840 1614 1895 Posides
1637 1842 1992 1896 exstruxerit:
2020 1841 2114 1896 sed
2139 1860 2336 1915 parum
2354 1842 2462 1894 hoc
2477 1839 2546 1894 ad
2577 1858 2688 1894 rem

530 1923 679 1984 facit.
708 1927 817 1978 En.
842 1957 913 1966 —-
944 1928 1195 1993 Capitolia
1211 1964 1225 1987 ,
1252 1925 1395 1996 plur.
1424 1945 1524 1998 pro
1553 1927 1690 1998 sing.
1711 1939 1773 1978 ut
1805 1928 1882 1990 Χ,
1907 1927 1991 1980 65.
2013 1929 2197 1980 Roma
2217 1945 2432 1997 quoque
2451 1937 2505 1978 et
2525 1937 2694 1987 vetus,

530 2020 586 2062 et
610 2027 811 2068 novum
836 2009 937 2063 suit
953 2049 969 2074 ‚
998 2007 1139 2062 illud
1164 2022 1385 2074 octava,
1407 2009 1515 2062 hoc
1541 2024 1692 2064 sexta
1717 2011 1773 2064 in
1800 2012 2039 2084 regione.
2082 2013 2324 2081 Capitolia
2355 2024 2552 2074 nostru,
2583 2011 2691 2062 Ro-

529 2109 721 2158 mana,
750 2095 959 2164 majora
985 2106 1039 2145 et
1055 2091 1433 2164 praestantiora
1456 2092 1574 2161 aJiis
1597 2111 1611 2145 :
1647 2113 1772 2146 nam
1801 2094 2076 2166 Capitolia
2094 2095 2258 2148 etiam
2281 2093 2429 2147 fuere
2458 2093 2688 2164 Capuan,

529 2175 829 2247 Pompeiis,
854 2177 1148 2230 Beneventi
1173 2177 1400 2249 aliisque
1430 2177 1485 2229 in
1509 2177 1728 2250 oppidis
1758 2179 1958 2243 halim
1986 2196 2134 2231 arces
2159 2197 2220 2230 ac
2247 2177 2446 2248 templa
2479 2175 2688 2246 magni-

534 2258 637 2313 fica
658 2299 671 2324 ,
692 2259 1024 2330 primoribus
1044 2261 1159 2313 Diis
1188 2260 1369 2314 dicata
1403 2261 1784 2333 Capitolioque
1813 2265 1965 2314 Rom.
1993 2259 2222 2325 similitu
2250 2260 2358 2314 vid.
2384 2259 2456 2317 ad
2473 2260 2568 2314 Sil.
2589 2259 2693 2321 xl,

536 2342 655 2396 265.
686 2343 823 2395 Cum
846 2343 1059 2397 delectu
1084 2344 1267 2416 itaque
1291 2358 1453 2418 poeta
1481 2345 1622 2400 dixit
1652 2347 1926 2414 capitolia,
1951 2345 2218 2426 templum.
2231 2341 2693 2416 magnificentissi-

532 2445 707 2491 mum,
729 2439 811 2493 et,
840 2441 899 2481 ut
924 2447 1037 2482 rem
1061 2443 1305 2503 augeret,
1326 2445 1513 2484 nostra.

605 2575 739 2624 Vn.
780 2591 866 2640 9²·
911 2575 1167 2626 Cecronius
1182 2597 1203 2636 ;
1230 2578 1333 2628 vid.
1358 2578 1421 2628 sd
1444 2595 1511 2628 vs.
1542 2580 1627 2628 86.

599 2679 740 2734 Nor.
782 2699 867 2750 9²·
905 2684 983 2733 Sic
1000 2685 1212 2746 habitat,
1237 2696 1349 2738 tam
1368 2683 1680 2758 splendidas
1702 2683 1965 2738 exstruxit
1986 2680 2144 2748 mdes,
2165 2681 2222 2736 in
2240 2683 2438 2754 quibus
2457 2681 2639 2736 habite
2648 2693 2687 2734 t.

603 2776 745 2829 Nor.
786 2795 873 2847 9².
910 2781 1099 2848 Fregit,
1122 2779 1413 2834 inminuit.

604 2873 746 2928 Nor.
786 2881 871 2943 94.
916 2879 1177 2944 Tur-bavit,
1209 2878 1486 2931 absumsit.
1516 2876 1628 2935 vid.
1657 2877 1730 2932 sd
1751 2878 1898 2940 VII,
1933 2891 2054 2944 ¹²9·

604 2973 656 3026 N
660 2990 744 3025 or.
784 2976 1049 3040 96—106.
1094 2973 1249 3028 Ritus
1266 2976 1429 3028 etiam
1446 3014 1463 3040 ‚
1486 2975 1734 3048 quamvis
1759 2973 1972 3045 ineptos
1993 2986 2047 3026 et
2074 2971 2472 3046 superstitiosos
2488 3010 2503 3036 ,
2531 2968 2693 3024 liberi

537 3057 750 3111 discunt
770 3075 801 3110 a
828 3060 1173 3130 parentibust
1204 3081 1255 3114 v.
1289 3079 1335 3114 c.
1361 3059 1578 3114 Judaeos
1595 3101 1610 3122 ,
1638 3061 1733 3133 qui
1761 3061 1815 3113 h.
1841 3061 1947 3115 loe.
1973 3059 2242 3123 ridentur,
2269 3071 2329 3111 ut
2353 3059 2468 3122 111,
2493 3063 2560 3120 14
2579 3075 2688 3128 seq.

536 3141 618 3192 VI
640 3180 655 3204 ,
686 3139 814 3208 159,
849 3145 981 3202 160,
1016 3154 1071 3195 et
1098 3142 1197 3206 542
1222 3161 1333 3215 seq.
1364 3144 1507 3198 Nota
1531 3144 1660 3198 Ach.
1687 3157 1768 3198 est
1793 3161 1850 3197 εκ
1869 3145 2067 3198 Parum
2096 3156 2220 3216 apte
2248 3143 2355 3195 hoc
2385 3140 2694 3212 exemplum

536 3222 766 3290 sumitur
796 3239 809 3275 :
848 3242 976 3277 nam
1009 3223 1077 3277 de
1107 3225 1266 3279 bonis
1292 3225 1537 3278 moribus
1568 3227 1673 3279 hac
1701 3227 1870 3281 satira
1902 3227 2102 3298 agitur,
2136 3226 2236 3298 qui
2263 3224 2322 3276 in
2357 3240 2695 3295 quincumque

535 3307 797 3379 religione
816 3321 869 3361 et
886 3309 943 3361 in
964 3307 1113 3361 omni
1135 3308 1243 3362 ritu
1262 3323 1487 3381 possunt
1507 3310 1688 3381 vigere
1707 3323 1761 3364 et
1787 3311 1842 3363 in
1870 3312 2079 3365 honore
2097 3309 2316 3364 versari.
2337 3333 2361 3354 ι
2385 3307 2594 3362 Acerba
2613 3318 2694 3359 ta-

535 3411 659 3448 men
678 3391 888 3464 judicia
911 3393 978 3448 de
999 3391 1232 3458 sudam,
1262 3406 1322 3448 ut
1348 3394 1403 3446 in
1432 3395 1546 3447 Sat.
1573 3395 1699 3460 XV,
1719 3393 1787 3460 de
1807 3394 2077 3468 AEgyptiis
2099 3409 2392 3463 eorumque
2413 3389 2693 3461 religione,

538 3474 903 3538 condonanda¹
923 3477 1161 3542 homini,
1184 3477 1371 3549 patriis
1398 3477 1594 3536 ritibus
1617 3491 1672 3531 et
1703 3477 1959 3551 religioni
1987 3479 2144 3532 avitae
2165 3475 2386 3530 addicto
2403 3513 2420 3539 ,
2444 3485 2500 3525 et
2521 3485 2696 3545 poeto

540 3560 759 3612 satirico
773 3599 787 3624 ,
812 3559 1152 3614 commodam
1174 3560 1389 3615 ridendi
1412 3563 1750 3615 occasionem
1767 3561 2132 3633 amplectenti.
2152 3562 2255 3612 Res
2273 3558 2436 3611 etiam
2457 3557 2490 3610 J
2497 3555 2696 3608 udaicoe

535 3661 634 3717 per
656 3643 925 3697 excidium
948 3645 1496 3720 Hierosolymitanum
1522 3647 1706 3698 multis
1729 3644 1946 3718 quidem
1977 3645 2260 3697 innotuere
2289 3640 2572 3704 Romanis,
2600 3635 2694 3691 sed

545 3728 621 3780 ita
637 3765 653 3792 ,
682 3739 741 3779 ut
766 3746 891 3781 vera
920 3729 1085 3792 mixta
1110 3741 1285 3790 essent
1306 3729 1471 3782 falsis.
1506 3759 1577 3770 —-
1605 3734 1896 3783 Metuentem
1917 3767 1931 3792 ,
1952 3727 2202 3799 religiose
2231 3725 2496 3778 colentem
2520 3734 2572 3777 et
2595 3721 2693 3774 ob-

547 3824 845 3866 servantem
865 3851 879 3877 ,
903 3815 1114 3863 sabbam
1126 3851 1147 3877 ,·
1164 3813 1273 3866 hoc
1295 3826 1375 3866 est
1389 3851 1405 3880 ,
1426 3815 1461 3866 J
1466 3811 1676 3872 udaeum
1697 3851 1712 3876 ,
1746 3813 1840 3886 qui
1861 3811 2111 3884 religioni
2131 3809 2232 3863 sibi
2253 3807 2436 3872 ducit,
2463 3805 2551 3861 die
2574 3807 2697 3860 sab-2

1386 3984 1850 4005 §mssssssssssw-

616 4113 636 4142 ²
675 4106 793 4156 Vid.
812 4105 961 4155 ovid.
982 4110 1110 4156 Fast.
1135 4109 1207 4156 VI
1222 4141 1238 4168 ‚
1271 4107 1335 4158 62
1358 4125 1373 4169 3
1408 4108 1569 4158 strab.
1659 4107 1771 4158 Tib.
1791 4106 1886 4169 6³3
1905 4107 2049 4172 Prop.
2071 4108 2151 4169 11,
2179 4107 2242 4156 32
2258 4142 2273 4168 ‚
2299 4107 2344 4166 3,
2369 4115 2418 4155 et
2436 4105 2529 4155 loc.
2549 4102 2684 4152 class.

544 4187 609 4248 Y,
630 4202 742 4252 pag.
774 4181 869 4238 165
886 4203 901 4247 ;
936 4186 1039 4238 Liv.
1074 4189 1247 4248 XLII,
1290 4205 1342 4249 ις
1371 4189 1572 4238 sueton.
1661 4187 1842 4237 Cio.de
1861 4187 1971 4235 Div.
1991 4188 2064 4245 11,
2085 4194 2172 4240 ιι.
