3050 4884
499 376 626 452 244
815 330 821 342 ⁴
1050 370 1133 436 D.
1188 370 1464 437 JuNn
1520 318 2093 439 JUVENALIS

490 483 901 557 Numinibus
934 485 1251 555 miserum
1278 486 1610 581 urgebant
1634 482 1906 556 Atlanta
1933 486 2181 555 minori

489 596 841 665 Pondere:
874 594 1181 663 nondum
1212 593 1451 690 aliquis
1476 596 1748 663 sortitus
1776 596 1966 664 triste
1999 594 2326 688 profundi

490 706 897 800 Imperium,
928 719 1044 774 aut
1071 702 1294 774 Sicula
1320 718 1553 773 torvus
1583 729 1736 774 cum
1763 706 2050 799 conjuge
2076 703 2364 793 Pluton;
2569 719 2658 773 50·

488 820 632 890 Nec
671 833 851 905 rota,
888 841 1016 885 nec
1050 818 1304 902 Furiae,
1340 839 1466 885 nec
1490 840 1758 903 saxum,
1789 829 1903 884 aut
1931 814 2214 885 vulturis
2241 817 2374 887 atri

487 930 729 1015 Poena3
767 926 881 996 sed
916 926 1197 995 infernis
1236 923 1481 995 hilares
1516 926 1661 994 sine
1697 925 1968 1019 regibus
2004 926 2284 995 umbrae.

584 1036 992 1130 Improbitas
1022 1032 1137 1104 illo
1169 1033 1305 1103 fuit
1330 1032 1738 1103 admirabilis
1763 1059 1929 1117 aevo.

486 1146 866 1218 Credebant
890 1145 1025 1213 hoc
1055 1143 1313 1241 grande
1339 1143 1527 1213 nefas
1561 1158 1628 1214 et
1658 1158 1878 1213 morte
1910 1144 2274 1238 piandum,

484 1257 555 1325 Si
582 1253 852 1347 juvenis
880 1251 1103 1321 vetulo
1137 1278 1277 1323 non
1310 1252 1810 1341 adsurrexerat,
1849 1268 1917 1321 et
1945 1254 2000 1322 si
2573 1268 2635 1323 55

382 1452 391 1457 -
485 1364 772 1433 Bai-bato
808 1364 1213 1457 cuicumque
1247 1387 1441 1456 puer,
1482 1361 1641 1432 licet
1667 1363 1808 1456 ipse
1835 1363 2100 1433 videret

486 1472 690 1541 Plura
716 1472 903 1541 domi
942 1457 1163 1567 fraga,
1206 1485 1276 1540 et
1301 1470 1588 1564 majores
1617 1469 1876 1565 glandis
1905 1496 2199 1543 acervos.

487 1586 544 1653 T
546 1568 654 1651 am
682 1579 1067 1657 venerabile
1104 1594 1277 1667 erat,
1311 1580 1694 1672 praecedere
1727 1596 2018 1677 quatuor
2048 1583 2278 1672 anniS,

493 1693 864 1786 Primaque
895 1715 1019 1784 par
1054 1689 1225 1759 adeo
1254 1715 1458 1761 sacrae
1497 1688 1747 1786 lanugo
1778 1689 2090 1762 senectae!

372 1890 379 1897 ο
489 1804 729 1887 Nune,
758 1801 813 1869 si
843 1799 1224 1894 depositum
1252 1824 1395 1868 non
1430 1799 1768 1869 inficietur
1794 1802 2078 1887 amicus,
2572 1820 2642 1873 60

494 1910 569 1979 Si
598 1908 833 1978 reddat
858 1923 1152 1977 veterem
1183 1933 1338 1977 cum
1369 1920 1511 1977 tota
1526 1910 1840 2005 ‘aerugine
1868 1908 2129 1995 follem,

493 2018 889 2111 Prodigiosa
919 2015 1085 2084 fides
1115 2031 1181 2083 et
1206 2015 1443 2084 Tuscis
1472 2016 1680 2111 digna
1709 2015 1984 2109 libellis,

492 2130 797 2223 Quaeque
826 2139 1151 2197 coronata
1180 2122 1451 2194 lustrari
1483 2125 1724 2197 debeat
1754 2154 1946 2221 agna.

498 2364 608 2422 diis
658 2361 1055 2419 habitantibus
1107 2372 1414 2420 contentus
1444 2401 1461 2431 ,
1524 2360 1736 2419 leviori
1791 2361 2056 2437 pondere
2104 2364 2396 2421 Atlantem
2423 2402 2440 2435 ,
2491 2382 2648 2421 nunc

496 2456 804 2527 miserum,
850 2454 1149 2530 premebat
1180 2476 1195 2511 ε
1229 2454 1491 2511 nondum
1524 2474 1596 2511 ex
1633 2454 1750 2513 illis
1787 2476 1938 2513 unns
1982 2475 2162 2534 regna
2201 2456 2484 2534 profundi
2527 2477 2648 2515 ma—

500 2544 581 2605 ris
630 2558 689 2605 et
728 2557 973 2623 propter
996 2544 1303 2623 *procellas
1360 2546 1538 2605 tristis
1591 2548 1972 2625 gubernanda
2026 2549 2213 2607 ductis
2259 2550 2512 2608 sortibus
2558 2570 2652 2608 ac·-

502 2650 775 2715 ceperat3
816 2658 940 2695 non
983 2650 1119 2695 trux
1156 2638 1329 2695 Pluto
1374 2658 1505 2696 cum
1556 2641 1904 2716 Proserpina
1952 2660 2140 2699 uxore
2186 2644 2420 2700 umbras
2468 2653 2653 2701 terre-

501 2732 639 2800 bat,
676 2750 868 2807 neque
898 2731 1015 2787 nlla
1045 2739 1187 2786 rotae
1217 2731 1496 2802 Ixioneae,
1526 2732 1860 2805 Furiarum,
1897 2733 2177 2811 Sisyphiae
2213 2736 2406 2811 rupis,
2441 2746 2499 2792 et
2539 2734 2653 2793 diri

502 2824 751 2881 vulturis
791 2822 1040 2893 mentio;
1078 2822 1183 2879 sed
1221 2820 1364 2893 laeti,
1407 2822 1572 2878 nullo
1612 2840 1778 2898 rege,
1819 2825 2022 2879 Manes
2059 2844 2167 2879 suo
2202 2824 2486 2881 arbitratu
2519 2835 2652 2881 ata-

512 2927 625 2973 tem
671 2916 936 2993 agebant.

591 3006 685 3063 53.
728 3009 919 3064 Aurea
950 3005 1049 3061 illa
1079 3016 1274 3077 aetate,
1298 3005 1560 3081 portenti
1584 3005 1769 3065 simile
1803 3007 2104 3084 quidpiam
2137 3020 2288 3079 erat,
2313 3009 2365 3065 si
2385 3008 2518 3083 quis
2547 3028 2654 3067 ne-

507 3116 685 3174 quam
710 3107 771 3152 et
798 3096 1114 3171 flagitiosus
1146 3095 1333 3151 soret:
1360 3097 1614 3154 immane
1641 3108 1779 3155 tunc
1807 3100 1990 3156 scelus
2013 3110 2068 3156 et
2095 3098 2323 3175 capitali
2347 3117 2512 3174 poena
2536 3101 2657 3175 ple-

508 3186 784 3245 ctendum
824 3186 1164 3243 censebatur
1178 3226 1195 3254 ,
1239 3184 1288 3240 si
1326 3186 1657 3243 adolescens
1694 3188 1954 3245 venienti
1990 3188 2150 3259 seni,
2195 3199 2294 3245 aut
2339 3207 2487 3264 puer
2517 3188 2656 3245 ado-

507 3278 747 3336 lescenti
787 3278 1069 3348 barbato,
1115 3278 1402 3333 honorem
1448 3280 1802 3355 assurgendo
1847 3298 1970 3337 non
2021 3290 2350 3351 testaretur,
2393 3277 2654 3354 quamvis

508 3381 654 3429 esset
684 3369 891 3439 ditior,
944 3380 1004 3425 et
1045 3368 1327 3442 majorem
1362 3368 1524 3425 domi
1555 3388 1668 3426 suae
1701 3370 1926 3445 copiam
1951 3372 2245 3448 fragorum
2262 3412 2280 3442 ,
2315 3369 2656 3447 glandisque

507 3463 887 3539 conspiceret.
912 3464 1157 3518 Tantam
1176 3461 1333 3536 apud
1358 3479 1456 3518 eos
1473 3461 1908 3521 venerationem
1929 3462 2232 3519 obtinebat
2249 3474 2380 3520 aetas
2403 3473 2657 3539 quatuor

500 3558 784 3614 duntaxat
821 3554 986 3611 annis
1023 3554 1386 3629 provectior!
1426 3554 1505 3610 ita
1543 3571 1907 3611 succrescens
1934 3556 2188 3629 primum
2225 3555 2407 3613 barba
2446 3554 2654 3612 eodem

505 3648 806 3705 colebatur
852 3658 990 3704 tunc
1028 3647 1288 3715 honore,
1336 3664 1455 3720 quo
1489 3657 1752 3703 senectus
1791 3656 1984 3703 sancta
2021 3648 2181 3723 apud
2217 3665 2326 3703 nos
2371 3646 2653 3704 afficitur!

502 3742 674 3799 Nunc
701 3740 751 3796 si
789 3739 1108 3815 depositam
1149 3739 1453 3814 pecuniam
1482 3738 1698 3796 amicus
1735 3742 1858 3797 n'on
1894 3739 2170 3817 deneget,
2205 3758 2656 3816 crumenamque

505 3852 639 3890 cum
682 3831 931 3887 nummis
983 3832 1061 3887 ob
1103 3842 1447 3887 vetustatem
1496 3830 1769 3909 rubigine
1820 3852 1886 3888 ac
1927 3834 2044 3889 situ
2083 3831 2307 3888 detritis
2361 3832 2655 3903 restituat,

506 3932 843 4001 portentosa
863 3922 958 3977 illa
990 3922 1339 3996 praedicatur
1372 3940 1493 3979 esse
1520 3920 1795 3994 fidelitas,
1829 3934 1887 3981 et
1919 3924 2095 4000 digna
2130 3942 2256 3999 quae
2284 3941 2416 3979 cum
2449 3922 2652 3979 ceteris

507 4011 793 4093 prodigiis
826 4012 885 4067 in
920 4012 1101 4067 libros
1133 4015 1507 4069 Etruscorum
1539 4014 1910 4089 haruspicum
1942 4016 2261 4083 referatur,
2306 4013 2490 4069 immo
2523 4031 2650 4087 quae

508 4109 688 4169 instar
711 4102 953 4162 inauditi
976 4108 1218 4162 monstri
1246 4105 1417 4163 certis
1440 4104 1760 4182 sacrificiis,
1795 4115 1862 4162 ut
1895 4123 2038 4183 agna
2073 4102 2317 4162 floribus
2347 4113 2649 4177 coronata,
