3050 4884
789 385 1162 452 sA‘rlnA
1205 385 1606 451 neema
1649 385 2052 469 Qum'rA.
2365 392 2486 480 371

343 500 589 574 Nullus
618 499 800 596 apud
834 501 1122 595 tragicos
1154 498 1449 594 populus
1478 500 1645 571 facit
1674 527 1690 569 ε
1730 506 1990 598 accipe,
2018 519 2248 575 nostro

342 612 509 681 Dira
534 611 721 706 quod
748 606 1125 704 exemplum
1154 607 1384 678 feritas
1409 609 1812 704 produxerit
1835 637 2000 684 aevo.

440 723 631 790 Inter
664 719 986 789 finitimos
1018 734 1213 788 vetus
1247 734 1449 814 atque
1478 719 1757 816 antiqua
1789 722 2122 812 simultas,

344 827 733 900 Immortale
770 827 1003 898 odium
1023 882 1043 916 ,
1082 843 1151 897 et
1180 833 1552 922 numquam
1584 831 1878 902 sanabile
1911 831 2158 904 vulnus

346 939 561 1010 Ardet
586 937 809 1010 adhuc
835 941 1091 1034 Coptos
1128 951 1198 1006 et
1223 937 1522 1032 Tentyra
1550 963 1567 1007 t
1605 963 1906 1011 summus
1931 945 2273 1040 utrimque
2433 961 2500 1014 3⁵

347 1049 520 1119 Inde
554 1047 749 1118 furor
777 1047 1019 1144 vulgo,
1056 1045 1241 1142 quod
1269 1047 1554 1117 numina
1584 1050 1965 1120 vicinorum

348 1158 514 1228 Odit
540 1173 823 1252 uterque
850 1154 1043 1228 locus
1056 1209 1076 1243 ,
1108 1179 1321 1250 quum
1352 1153 1531 1226 solos
1560 1155 1792 1228 credat
1816 1160 2160 1232 habendos

350 1271 513 1338 Esse
534 1270 752 1355 Deos,
790 1291 959 1362 quos
986 1267 1127 1361 ipse
1154 1263 1334 1335 colit.
1373 1265 1509 1337 Sed
1535 1280 1837 1364 tempore
1861 1268 2028 1340 festo

352 1376 646 1448 Alterius
673 1374 909 1474 populi
940 1375 1261 1471 rapienda
1290 1375 1560 1445 occasio
1587 1379 1850 1447 cunctis

354 1489 515 1560 Visa
544 1489 977 1558 inimicorum
1004 1485 1417 1583 primoribus
1438 1507 1519 1553 ac
1545 1483 1862 1574 ducibus,
1891 1509 1980 1556 ne
2435 1525 2504 1573 40

346 1589 619 1668 ‘Laetum
646 1596 1063 1691 hilaremque
1088 1595 1303 1682 diem,
1336 1619 1423 1664 ne
1448 1619 1710 1692 magnae
1737 1596 1980 1693 gaudia
2008 1623 2214 1672 coenae

357 1710 732 1794 sentirent,
770 1708 1007 1802 positis
1040 1706 1126 1776 ad
1164 1705 1415 1801 templa
1440 1721 1508 1776 et
1535 1709 1832 1802 compita
1863 1712 2107 1780 mensis

358 1818 802 1914 pervigilique
828 1832 1016 1904 toro,
1056 1839 1259 1912 quem
1286 1829 1488 1886 nocte
1514 1841 1596 1887 ac
1624 1814 1776 1887 luce
1796 1819 2131 1912 jacentem

362 1929 701 2023 Septimus
729 1925 1067 1996 interdum
1100 1925 1201 1996 sol
1237 1927 1516 1998 invenit.
1547 1925 1846 1996 Horrida
1869 1951 2025 1998 sane

362 2039 727 2134 AEgyptus;
761 2034 878 2104 sed
912 2033 1211 2123 luxuria,
1245 2050 1578 2130 quantum
1613 2037 1757 2131 ipse
1789 2038 2061 2126 notavi,
2444 2061 2508 2125 4⁵

364 2151 655 2219 Barbara
681 2147 942 2218 famoso
970 2170 1111 2216 non
1136 2145 1321 2216 cedit
1348 2147 1548 2216 turba
1574 2149 1878 2246 Canopo,

352 2260 587 2346 Adde,
624 2257 811 2354 quod
836 2271 907 2326 et
936 2255 1153 2326 facilis
1180 2256 1465 2325 victoria
1492 2257 1576 2328 de
1601 2257 1920 2347 madidis„
1961 2273 2031 2327 et

365 2368 623 2455 Blaesis,
651 2382 856 2463 atque
881 2389 1069 2435 mero
1095 2366 1542 2436 titubantibus
1574 2391 1590 2434 ε
1631 2366 1791 2435 inde
1817 2368 2126 2438 virorum
2215 2391 2226 2402 ’

368 2605 669 2664 terr-imum
682 2599 819 2660 audi
832 2600 1055 2658 facinus
1074 2609 1133 2657 et
1152 2600 1481 2676 exemplum
1495 2597 1782 2658 inusitata
1800 2601 2182 2672 crudelitatis,
2199 2603 2304 2660 hac
2323 2615 2518 2663 nostra

366 2709 531 2757 aetate
550 2681 919 2755 solummodo
946 2691 1187 2749 editum.

430 2791 545 2849 ¹33.
588 2787 765 2864 Copti
800 2797 861 2844 et
888 2787 1145 2860 Tentyra
1180 2791 1315 2839 sunt
1348 2783 1591 2859 AEgypti
1623 2781 1882 2841 civitates
1914 2783 2152 2857 vicinae,
2191 2783 2345 2845 inter
2378 2807 2520 2863 quas

369 2883 547 2940 animi
580 2881 810 2939 fervent
846 2876 1061 2934 vetusti
1102 2885 1163 2932 et
1206 2874 1550 2932 immortalis
1601 2873 1724 2932 odii
1761 2873 2005 2933 flammis
2045 2877 2266 2935 incensi
2302 2899 2317 2935 ε
2359 2880 2523 2954 cnjus

369 2973 627 3033 vulneris
664 2967 997 3028 insanabilis
1028 2977 1087 3024 et
1114 2965 1329 3024 furoris
1366 2965 1577 3022 summi
1612 2984 1810 3026 caussa
1839 2959 1960 3024 h'aec
1992 2979 2102 3037 est,
2154 2969 2318 3044 quod
2341 2971 2522 3030 altera

372 3069 569 3127 civitas
595 3064 831 3122 alterius
860 3061 1002 3119 deos
1028 3059 1249 3128 oderit,
1280 3069 1342 3116 et
1376 3075 1509 3114 suos
1543 3067 1792 3132 utraque
1811 3059 2093 3116 duntaxat
2119 3061 2320 3119 credat
2346 3083 2520 3124 veros

373 3175 793 3240 germanosque
822 3155 964 3212 deos
1004 3169 1144 3209 esse.
1199 3149 1409 3226 Atqui,
1443 3150 1541 3206 die
1580 3149 1836 3224 quodam
1874 3149 2054 3223 festo,
2085 3153 2522 3230 Tentyritarum

372 3267 643 3330 proceres
676 3267 741 3306 ac
770 3243 1034 3323 primarii
1068 3243 1242 3300 duces
1278 3261 1339 3300 se
1379 3241 1739 3299 occasionem
1772 3254 1970 3300 unctos
2010 3263 2131 3302 esse
2169 3255 2525 3319 putaverunt

370 3353 869 3422 peropportunam
882 3380 900 3411 ,
935 3335 1095 3393 unde
1128 3335 1478 3411 impedirent
1491 3378 1508 3406 ‚
1547 3353 1623 3392 ne
1660 3335 1837 3411 Copti
1877 3339 2219 3412 promissam
2252 3339 2374 3412 ejus
2406 3341 2524 3401 diei

374 3436 628 3496 letitiam
656 3431 1119 3502 hilaritatemque
1136 3468 1153 3497 ,
1203 3437 1261 3483 et
1299 3427 1578 3505 gaudium
1618 3445 1840 3505 maguae
1879 3447 2052 3486 coenae
2089 3443 2434 3505 carperent3
2482 3435 2528 3492 ii

376 3531 593 3589 scilicet
630 3533 945 3585 statuerant
985 3535 1209 3577 mensas
1240 3521 1305 3576 in
1339 3521 1606 3596 compitis
1645 3521 1989 3596 templisque
2004 3564 2021 3593 ,
2070 3533 2129 3580 et
2164 3524 2344 3581 lectos
2383 3529 2522 3602 qui-

376 3626 487 3683 bus
538 3619 965 3700 pervigilabant
987 3656 1004 3686 ,
1054 3623 1113 3670 et
1157 3629 1305 3688 quos
1364 3624 1545 3670 noctu
1592 3612 1810 3688 diuque
1861 3623 2070 3671 stratos
2121 3615 2224 3671 lux
2283 3620 2525 3692 septima

378 3715 673 3775 interdum
716 3708 1060 3786 reperiebat.
1110 3703 1236 3761 Etsi
1286 3705 1441 3762 enim
1482 3723 1617 3782 pars
1659 3706 1780 3761 baec
1821 3707 2059 3783 AEgypti
2095 3708 2399 3768 horridior
2450 3713 2527 3770 sit

378 3819 549 3884 atque
586 3803 891 3873 incultior,
931 3810 1157 3864 tamen,
1200 3809 1481 3871 quantum
1526 3797 1838 3854 observare
1883 3798 2004 3874 ipse
2043 3801 2243 3875 potui,
2277 3803 2526 3862 barbara

378 3904 501 3958 haec
532 3915 672 3977 gens
692 3913 816 3953 non
849 3904 935 3950 est
962 3891 1155 3951 minus
1194 3889 1389 3948 dedita
1428 3891 1594 3948 luxui
1639 3901 1698 3948 et
1733 3890 1979 3964 deliciis,
2019 3911 2193 3968 quam
2227 3895 2524 3973 Canopus,

383 4013 453 4052 eo
480 3991 717 4050 nomine
750 3985 997 4044 infamis.
1038 3983 1281 4043 Accedit
1306 3983 1469 4059 quod
1498 3983 1737 4040 minime
1769 3983 2016 4040 arduum
2045 3985 2354 4044 videbatur
2395 3991 2531 4045 vin-

386 4103 516 4143 cere
536 4081 765 4142 ebrium
788 4081 1015 4136 hostem
1032 4119 1049 4149 ,
1072 4076 1517 4146 balbutientem,
1537 4097 1603 4133 ac
1621 4077 1762 4134 vino
1785 4076 2161 4134 vacillantem.
2187 4081 2277 4135 Ex
2301 4082 2528 4156 Copto-

390 4197 518 4235 rum
547 4185 713 4252 parte
754 4171 947 4230 omnia
986 4167 1375 4246 personabant
1414 4169 1688 4244 tripudiis
1732 4167 2058 4226 saltantium
2106 4169 2181 4223 ad
2227 4173 2528 4246 strepitum

2079 4261 2182 4334 24.
