3050 4884
500 332 582 395 62
1102 333 1187 396 D.
1233 331 1493 396 JUN11
1537 331 2062 400 IUVENALIS

498 446 915 533 Prandente,
945 461 1011 514 et
1039 445 1323 515 madidis
1352 459 1579 520 cantat
1605 470 1756 540 quae
1787 448 2128 518 Sostratus
2151 447 2288 517 alis.

495 554 620 624 Ille
646 571 875 625 tamen
906 553 1121 651 qualis
1150 555 1353 625 rediit
1376 555 1712 626 Salamine
1748 557 2012 644 relicta,

496 669 578 736 In
608 669 862 737 Corum
890 683 1095 763 atque
1120 671 1383 738 Eurum
1410 667 1654 737 solitus
1681 669 1912 738 saevire
1939 666 2215 764 flagellis
2537 686 2638 736 180

494 778 860 866 Barbarus,
888 776 1109 847 AEolio
1142 801 1491 872 nunquam
1525 778 1657 848 hoc
1687 777 1761 846 in
1789 801 2060 848 carcere
2087 803 2342 872 passm,

495 891 727 982 Ipsum
762 887 1197 985 compedibus
1229 888 1345 981 qui
1374 888 1686 956 vinxerat
1709 886 2234 984 Ennosigaeum?

494 999 728 1068 Mitius
756 999 827 1067 id
855 1022 1045 1085 sane,
1077 998 1263 1092 quod
1288 1021 1429 1065 non
1460 1013 1533 1066 et
1558 997 1872 1092 stigmate
1903 999 2184 1094 dignum

493 1107 819 1177 Credidit.
850 1106 1032 1176 Huic
1066 1106 1421 1200 quisquam
1453 1103 1659 1176 vellet
1687 1109 1940 1176 servire
1973 1105 2299 1176 deorum?

493 1217 625 1286 Sed
655 1217 865 1312 qualis
898 1214 1146 1286 rediit?
1181 1240 1425 1311 nempe
1454 1240 1590 1286 una
1619 1241 1816 1304 nave,
1845 1217 2138 1287 cruentis
2535 1231 2632 1284 185

494 1328 874 1416 Fluctibus,
903 1353 980 1396 ac
1009 1326 1199 1396 tarda
1226 1352 1352 1422 per
1374 1326 1580 1396 densa
1613 1325 1940 1396 cadavera
1964 1351 2186 1423 prora.

494 1442 628 1507 Has
657 1439 855 1508 toties
882 1452 1115 1532 optata
1140 1437 1360 1532 exegit
1388 1435 1602 1530 gloria
1626 1460 1878 1531 poenaS.

588 1550 747 1616 «Da
772 1548 1067 1645 spatium
1096 1548 1284 1633 vitae,
1318 1544 1567 1616 multos
1594 1545 1710 1632 da,
1738 1547 2026 1641 Jupiter,
2059 1539 2345 1614 annosi»

492 1664 645 1730 Hoc
678 1675 861 1729 recto
892 1658 1087 1727 vultu
1115 1657 1331 1727 solum
1348 1711 1367 1744 ,
1402 1659 1538 1726 hoc
1563 1672 1635 1726 et
1659 1655 1950 1751 pallidus
1971 1672 2182 1752 optas.

490 1770 623 1839 Sed
650 1794 855 1864 quam
882 1769 1226 1838 continuis
1254 1783 1323 1836 et
1348 1767 1616 1862 quantis
1649 1766 1850 1862 longa
1881 1783 2191 1836 senectus
2537 1798 2638 1846 190

492 1878 699 1949 Plena
726 1875 942 1948 malis!
978 1878 1381 1963 deformem,
1417 1893 1485 1946 et
1517 1892 1766 1946 tetrum
1799 1892 1955 1946 ante
1983 1879 2216 1948 omnia
2239 1875 2537 1961 vultum,

491 1987 1037 2084 Dissimilemque
1064 1989 1199 2077 sui3
1229 1987 1608 2058 deformem
1641 2011 1770 2080 pro
1799 2002 1954 2056 cute
1982 1986 2265 2083 pellem;

493 2099 1005 2192 Pendentesque
1044 2121 1281 2192 genas,
1318 2113 1388 2166 et
1422 2095 1586 2164 tales
1612 2095 1880 2190 adspice
1914 2121 2149 2192 rugaS,

490 2206 739 2296 Quales
752 2259 771 2294 ,
803 2207 1205 2276 umbriferos
1228 2207 1343 2275 ubi
1367 2207 1603 2301 pandit
1619 2207 1918 2276 Tabraca
1938 2206 2140 2277 saltus
2153 2260 2173 2293 ,

491 2425 741 2502 plurima
764 2424 1019 2499 ejusdem
1048 2423 1237 2493 modi,
1264 2443 1393 2498 quae
1422 2426 1737 2497 Sostratus,
1771 2445 1952 2502 quum
1982 2445 2044 2483 se
2068 2425 2306 2502 largiter
2335 2424 2478 2480 vino
2497 2442 2638 2498 pro·

490 2519 630 2586 luit,
668 2528 899 2574 cantare
936 2527 1107 2572 amat.
1142 2517 1309 2573 Idem
1340 2515 1438 2574 ine
1473 2517 1850 2575 nihilominus
1887 2523 2144 2590 Xerxes,
2183 2517 2366 2594 qualis
2402 2517 2638 2574 tandem

490 2612 553 2669 in
577 2629 738 2668 suam
764 2609 1086 2681 Persidem,
1119 2620 1253 2684 post
1272 2609 1530 2667 relictam
1553 2613 1842 2670 Salamina
1860 2653 1875 2681 ,
1905 2624 1992 2670 est
2019 2615 2307 2670 reversus!
2337 2613 2636 2683 Quantum

488 2705 563 2762 ab
613 2704 717 2761 illo
760 2714 1045 2773 mutatus,
1086 2701 1189 2778 qui
1225 2713 1433 2760 ventos
1464 2705 1810 2762 verberibus
1847 2705 1989 2762 caedi
2021 2703 2296 2779 jusserat,
2339 2721 2638 2779 nunquam

488 2796 753 2873 profecto
796 2797 861 2852 in
902 2795 1107 2852 AEoliis
1149 2795 1473 2854 carceribus
1518 2816 1582 2854 ea
1633 2797 1938 2854 mulctatos
1993 2815 2196 2872 poena;
2253 2795 2356 2872 qui
2405 2794 2638 2851 vincula

487 2890 599 2965 ipsi
633 2891 909 2966 Neptuno
952 2889 1259 2963 injecerat!
1301 2889 1632 2946 Clementer
1671 2907 1808 2945 sane
1854 2889 2070 2946 sactum
2090 2929 2108 2961 ‚
2162 2887 2323 2964 quod
2367 2887 2638 2946 eumdem

490 2982 663 3038 etiam
724 2981 1006 3038 candente
1066 2979 1226 3036 ferro
1290 2980 1365 3035 ad
1422 2979 1802 3056 ignominiam
1855 2981 2012 3037 inuri
2068 2999 2192 3038 non
2247 2980 2636 3056 imperaverit.

490 3073 703 3148 Ecquis
741 3075 1002 3128 Deorum
1047 3070 1273 3126 homini
1310 3081 1429 3126 tam
1466 3072 1718 3128 barbaro
1734 3117 1753 3147 ,
1788 3083 1905 3128 tam
1935 3073 2118 3147 impio
2151 3089 2364 3129 navare
2399 3091 2639 3147 operam

490 3183 555 3221 ac
590 3165 785 3220 favere
826 3161 1045 3218 vellet?
1088 3160 1204 3218 sed
1248 3161 1435 3236 qualis
1476 3163 1710 3220 tandem
1755 3166 1817 3221 in
1855 3164 2150 3222 Persidem
2183 3165 2486 3222 remeavit!
2519 3165 2638 3220 Ni-

488 3257 702 3312 mirum
744 3251 918 3310 unica
956 3252 1094 3308 navi
1130 3270 1237 3325 per
1276 3251 1485 3310 fluctus
1533 3274 1774 3314 suorum
1813 3257 2066 3314 militum
2105 3259 2382 3336 sang-uine
2420 3275 2636 3314 cruen-

489 3359 639 3407 tatos
658 3389 676 3418 ‚
728 3358 788 3404 et
824 3365 933 3423 per
980 3345 1323 3402 cadaverum
1366 3359 1584 3406 temere
1631 3347 1978 3408 fluitantium
2015 3369 2250 3408 acervos
2289 3369 2439 3428 segre
2474 3349 2636 3406 viam

490 3440 799 3518 fugamque
846 3437 1173 3514 expediens.
1218 3441 1304 3494 Ita
1350 3459 1485 3497 suos
1520 3441 1654 3498 illos
1707 3455 1989 3502 amatores
2033 3444 2220 3522 gloria
2253 3455 2344 3501 tot
2383 3444 2636 3519 expetita

488 3534 641 3592 votis
677 3533 993 3590 ulciscitur.

576 3628 708 3685 188.
753 3630 807 3685 Ο
850 3625 1103 3701 Jupiter!
1144 3645 1335 3684 annue
1374 3626 1519 3682 mihi
1565 3629 1844 3706 longioris
1887 3631 2022 3688 vitae
2061 3649 2250 3688 moras
2271 3671 2290 3702 ,
2333 3648 2632 3706 annosque

490 3719 815 3794 complures
836 3717 1103 3792 imperti:
1132 3718 1245 3774 hoc
1272 3729 1467 3775 erecto
1494 3721 1693 3793 vultu,
1721 3723 1834 3778 hoc
1855 3723 2026 3781 unice
2047 3743 2112 3780 ac
2135 3722 2384 3781 sollicito
2409 3725 2634 3798 pallore

489 3812 794 3870 desideras.
818 3811 1037 3866 Verum
1061 3827 1233 3883 quam
1256 3811 1530 3885 gravibus
1547 3853 1564 3883 ,
1591 3833 1764 3888 quam
1785 3815 1896 3871 sibi
1917 3815 2040 3872 sine
2062 3816 2184 3872 ulla
2207 3814 2632 3872 intermissione

488 3903 923 3962 succedentibus
949 3902 1333 3960 incommodis
1358 3915 1618 3962 senectus
1648 3907 1884 3982 longior
1903 3907 2153 3965 laborati
2177 3907 2402 3964 intuere
2423 3907 2630 3964 faciem

492 4015 591 4053 sua
623 3997 811 4054 forma
842 4005 901 4050 et
920 4005 1217 4051 venustate
1241 3997 1568 4070 spoliatam,
1598 3998 1670 4054 ab
1697 4017 1757 4056 ea
1783 3999 1928 4056 facie
1967 4019 2094 4075 quae
2126 4002 2268 4058 olim
2303 4012 2458 4068 erat,
2489 3999 2631 4056 heu!

490 4091 665 4165 longe
694 4089 1010 4157 diversam3
1040 4087 1281 4161 pellem,
1315 4090 1409 4146 vel
1442 4091 1664 4148 corium
1697 4092 1890 4166 potius
1921 4094 2181 4162 aridum,
2221 4111 2334 4169 pro
2373 4090 2540 4149 molli
2576 4101 2636 4148 et
