3050 4884
970 380 1324 446 SATIRA
1368 379 1922 448 UNDECIMA.
2403 390 2523 475 149

358 492 587 562 Nemo
620 494 804 563 inter
838 518 1032 563 curas
1064 511 1135 565 et
1172 498 1347 566 seria
1378 496 1572 567 duxit
1605 499 2028 586 habendum,

358 600 602 687 Qualis
632 602 705 671 in
735 604 996 673 Oceani
1030 602 1247 674 fluctu
1282 607 1553 676 testudo
1586 624 1849 677 nataret
1867 662 1886 695 ‚

356 710 637 781 Clarum
669 712 1079 807 Trojugenis
1112 712 1377 783 factura
1409 740 1489 785 ac
1521 716 1749 787 nobile
1784 717 2124 791 fulcrum:
2454 737 2522 806 9⁵

356 822 494 890 Sed
520 821 709 891 nudo
738 821 986 911 latere,
1026 839 1096 893 et
1122 826 1351 919 parvis
1388 824 1581 895 frons
1613 851 1788 895 aerea
1823 826 2014 898 lectis

353 929 515 999 Vile
548 934 855 1002 coronati
891 950 1099 1028 caput
1129 937 1528 1006 ostendebat
1561 936 1782 1021 aselli,

356 1040 465 1111 Ad
496 1042 681 1135 quod
716 1041 943 1112 lascivi
978 1042 1307 1114 ludebant
1344 1046 1519 1115 ruris
1551 1046 1832 1116 alumni.

358 1149 555 1219 Tales
584 1176 749 1248 ergo
778 1152 946 1236 cibi,
980 1152 1195 1247 qualis
1229 1155 1473 1225 domus
1501 1171 1706 1251 atque
1734 1156 2058 1252 supellex.
2323 1232 2334 1249 ‚

358 1262 419 1328 T
420 1286 557 1331 unc
595 1263 783 1331 rudis
810 1278 882 1332 et
909 1264 1154 1333 Graias
1184 1266 1417 1335 mirari
1455 1268 1724 1337 nescius
1761 1283 1976 1357 arteS‚
2427 1305 2526 1341 100

358 1370 663 1439 Urbibus
692 1372 970 1460 eversis,
1006 1374 1394 1468 praedarum
1424 1377 1497 1444 in
1527 1394 1720 1473 parte
1749 1393 2016 1473 reperta

358 1481 773 1574 Magnorum
806 1480 1146 1553 artificum
1181 1484 1541 1580 frangebat
1574 1486 1818 1582 pocula
1853 1486 2080 1572 mileS‚

356 1590 461 1658 Ut
495 1590 783 1685 phaleris
814 1590 1141 1689 g'auderet
1168 1621 1419 1691 equus,
1460 1595 1828 1691 caelataque
1861 1597 2058 1666 cassis

358 1699 711 1769 Romuleae
740 1700 1097 1771 simulacra
1127 1702 1291 1773 ferae
1321 1728 1796 1779 mansuescere
1822 1704 2024 1797 jussae

358 1811 643 1903 Imperii
675 1809 851 1898 fate,
887 1812 1193 1906 geminos
1224 1815 1352 1883 sub
1391 1839 1562 1909 rupe
1587 1815 1947 1902 QuirinOS,
2429 1827 2528 1880 ms

358 1922 465 1990 Ac
495 1921 748 1990 nudam
786 1922 1091 2015 effigiem
1121 1924 1364 2017 clypeo
1392 1924 1736 1995 venientis
1768 1940 1838 1993 et
1869 1924 2061 1995 hasta

357 2030 866 2127 Pendentisque
896 2030 1027 2101 Dei
1060 2031 1370 2125 perituro
1404 2034 1800 2102 ostenderet
1832 2032 2034 2103 hosti.

360 2141 650 2235 Argenti
684 2139 872 2235 quod
903 2154 1086 2228 erat,
1124 2139 1283 2210 solis
1317 2138 1624 2237 fulgebat
1655 2141 1728 2214 in
1757 2142 1962 2215 armis
1989 2166 2010 2213 ι

358 2364 539 2426 esset3
561 2364 730 2425 tunc,
754 2354 991 2430 inquam
1005 2396 1024 2429 ,
1045 2373 1223 2411 nemo
1237 2394 1255 2427 ,
1283 2351 1447 2430 quasi
1473 2372 1599 2411 rem
1619 2351 1858 2424 seriam,
1881 2364 1940 2409 et
1961 2352 2202 2428 alicujus
2225 2357 2535 2427 momenti,

360 2448 587 2503 curavit
614 2448 957 2522 exquirere,
994 2449 1191 2523 quales
1214 2458 1275 2505 et
1298 2458 1530 2523 quantae
1557 2446 1618 2502 in
1649 2448 1886 2505 Oceano
1911 2457 2260 2521 caperentur
2292 2448 2533 2505 testudi-

358 2558 489 2609 πω,
516 2559 550 2597 e
580 2558 829 2615 quarum
852 2540 1087 2597 conchis
1108 2540 1173 2597 in
1199 2540 1440 2597 laminas
1460 2538 1705 2598 desectis
1728 2550 2008 2596 ornarent
2031 2541 2318 2599 lectorum
2342 2541 2532 2599 fulcra

358 2634 611 2691 Romani
634 2652 907 2709 proceres
934 2656 947 2691 :
973 2645 1140 2691 erant
1168 2634 1452 2691 inornatae
1481 2632 1764 2691 cubilium
1786 2631 2025 2707 spondae
2050 2642 2110 2689 et
2139 2632 2293 2689 nuda
2324 2634 2531 2704 latera,

360 2724 471 2801 ipsi
492 2726 692 2783 lectuli
713 2725 942 2803 angusti
962 2767 980 2797 ,
1012 2736 1073 2783 et
1098 2726 1161 2782 in
1190 2745 1393 2783 eorum
1424 2724 1710 2783 anteriori
1737 2735 1904 2800 parte
1934 2722 2080 2781 asini
2111 2724 2228 2780 vile
2258 2736 2432 2799 caput
2458 2744 2530 2781 ex

362 2837 477 2875 aere
515 2818 834 2890 visebatur,
858 2816 1106 2875 floribus
1130 2816 1469 2875 redimitum
1486 2859 1503 2889 ,
1527 2816 1682 2874 circa
1703 2817 1868 2891 quod
1885 2816 2134 2874 infantes
2159 2815 2360 2873 rustici
2382 2837 2532 2892 proae-

360 2920 527 2967 terve
556 2909 954 2968 colludebant.
995 2910 1147 2967 Huic
1190 2910 1373 2987 igitur
1417 2908 1766 2983 supellectili
1806 2928 1871 2966 ac
1913 2908 2117 2965 domui
2148 2918 2532 2967 consentanea

358 3012 525 3059 erant
552 3021 885 3059 mensarum
916 3003 1153 3060 fercula.
1184 3004 1353 3060 Tunc
1386 3003 1602 3063 milites
1630 3001 1821 3058 nostri
1849 3020 2056 3077 parum
2090 3002 2152 3057 in
2183 3001 2530 3059 aestimandis

358 3098 701 3153 Graecorum
738 3094 1026 3153 artificum
1070 3096 1299 3153 eximiis
1337 3097 1619 3171 operibus
1657 3095 1861 3169 periti,
1898 3106 1958 3151 et
1993 3094 2281 3169 ejusmodi
2325 3114 2524 3153 rerum

358 3199 817 3263 contemptores,
848 3188 899 3247 si
924 3208 1100 3264 quam
1128 3188 1506 3265 diripuissent
1535 3188 1775 3257 urbem,
1809 3185 1973 3261 cujus
2000 3186 2062 3243 in
2095 3187 2294 3261 spoliis
2323 3189 2527 3245 elabo-

356 3292 479 3337 rata
504 3282 854 3357 reperissent
880 3283 954 3338 ab
983 3282 1233 3359 egregiis
1255 3281 1566 3359 opificibus
1592 3302 1752 3353 vasa,
1788 3281 1988 3339 eadem
2017 3280 2379 3355 perfringere
2403 3300 2528 3339 non

358 3374 735 3451 dubitabant,
781 3386 849 3433 ut
878 3396 952 3433 ex
983 3376 1054 3433 iis
1091 3377 1281 3433 bullas
1308 3386 1367 3433 et
1400 3376 1513 3434 alia
1551 3374 1613 3431 id
1645 3394 1825 3451 genus
1864 3392 2154 3449 equorum
2187 3387 2528 3432 ornamenta

360 3466 747 3539 conficerent,
778 3478 847 3525 ut
873 3488 1001 3525 suas
1034 3470 1224 3545 galeas
1251 3468 1600 3546 insignirent
1620 3470 1813 3525 caelata
1841 3464 2030 3541 effigie
2053 3464 2244 3537 aliqua
2262 3504 2278 3531 ,
2310 3466 2530 3523 scilicet

358 3563 539 3635 lupae,
595 3580 725 3635 quae
768 3561 1069 3639 deponens
1118 3560 1373 3618 nativam
1420 3560 1742 3631 feritatem,
1792 3561 1872 3616 ita
1913 3557 2252 3632 jubentibus
2297 3558 2534 3633 imperii

358 3652 613 3711 Romani
640 3652 803 3723 fatis,
834 3654 1155 3711 Romulum
1186 3654 1331 3711 aluit
1367 3676 1382 3711 z
1411 3654 1554 3710 item
1585 3652 1954 3729 geminorum
1987 3650 2236 3705 fratrum
2274 3650 2443 3706 Remi
2469 3663 2529 3708 et

360 3746 629 3817 Romuli,
657 3746 767 3802 sub
792 3745 1115 3816 Quirinalis
1141 3745 1357 3804 montis
1388 3765 1538 3820 rupe
1560 3744 1878 3819 jacentium
1901 3764 1915 3798 ι
1945 3752 2045 3797 aut
2071 3740 2306 3809 Martis,
2338 3744 2530 3802 bello-

358 3858 493 3895 rum
518 3838 783 3914 praesidis
814 3838 937 3909 dei,
962 3839 1063 3913 qui
1091 3839 1283 3895 nudus
1311 3858 1442 3895 cum
1460 3840 1625 3895 hasta
1650 3849 1707 3894 et
1732 3838 1938 3912 clypeo
1961 3835 2124 3910 quasi
2141 3846 2367 3893 exstare
2392 3857 2526 3895 cer-

358 3942 597 3989 neretur
626 3951 659 3987 e
688 3932 847 4007 galea
864 3973 881 4003 ,
900 3932 1173 4007 hostique
1193 3932 1354 3988 velut
1382 3931 1724 3999 imminens,
1758 3927 1846 3984 illi
1866 3927 2108 3985 exitium
2129 3927 2434 3987 intentare.
2462 3929 2530 3988 si

362 4024 505 4099 quid
540 4022 658 4081 illis
696 4024 925 4100 argenti
963 4035 1120 4095 erat,
1157 4026 1271 4081 boc
1308 4024 1483 4081 armis
1523 4024 1804 4079 duntaxat
1839 4020 2117 4079 ornandis
2151 4020 2524 4077 adhibebant.

360 4118 527 4177 Tales
546 4116 735 4197 igitur
754 4136 820 4175 ac
844 4118 991 4175 tanti
1012 4118 1159 4191 viri,
1179 4136 1435 4195 quorum
1457 4114 1821 4189 fortitudini,
1848 4115 2011 4173 famae
2033 4134 2100 4173 ac
2120 4111 2380 4170 felicitati
2395 4108 2526 4185 jure
