3050 4884
595 365 723 440 4η
936 359 1279 426 VARIAE
1326 359 1922 425 LECTIONES
1967 361 2096 425 ET
2143 361 2472 428 NOTAE.

596 478 736 526 MSS.
762 478 913 528 Paris.
938 479 1215 542 Utrumque
1248 491 1387 526 nuuc
1404 477 1572 541 recepi
1587 491 1682 541 pro
1701 477 1894 542 vulgata
1913 477 2124 528 lectione
2139 495 2370 530 caussam
2387 477 2621 538 dicentis,
2652 495 2756 544 qua

597 561 683 610 vix
702 563 935 626 cuiquam
950 562 1165 628 placebit
1181 595 1195 620 ,
1214 561 1313 608 nisi
1330 563 1495 625 Heyn.
1516 561 1608 624 qui
1623 577 1730 608 eam
1752 571 1918 609 tuetur
1933 563 2046 612 coll.
2066 563 2193 611 vlu
2206 599 2220 624 ,
2235 579 2298 624 ²7
2318 580 2334 622 ;
2355 566 2486 624 111,
2511 566 2603 623 463
2619 565 2756 628 Virg-

598 644 793 693 AEneid.
824 648 981 706 vm,
1015 645 1315 709 ὄις-ὄπι,
1344 653 1395 692 et
1426 644 1533 701 xl,
1563 658 1680 704 ¹71·
1715 638 1817 691 Pro
1849 660 2018 692 casum
2053 645 2180 694 forte
2215 645 2417 709 quidam
2447 645 2758 695 librariorum

596 740 927 793 reposuerunt
972 743 1196 778 caussam
1220 763 1239 786 ,
1286 739 1337 776 et
1381 727 1566 776 deinde
1613 727 1696 776 alii
1736 737 1905 792 aptum
1950 729 2000 776 ei
2046 727 2344 778 vocabulum
2384 728 2592 778 dicentis
2629 744 2760 778 com·

598 815 757 862 menti
792 825 926 865 sunt.

670 906 809 961 Nor.
849 904 969 962 135.
1006 910 1287 976 Squalonm
1316 906 1405 959 vel
1435 907 1602 957 sordes
1630 917 1742 958 tam
1765 923 1984 970 nonem,
2015 922 2180 977 quam
2218 905 2644 977 supplicantium
2672 905 2753 957 ln-

595 989 973 1062 gentiumque,
1010 989 1083 1045 ad
1108 990 1507 1044 miserationem
1535 987 1871 1042 movendam
1905 1000 2177 1060 spectare,
2217 989 2305 1044 vel
2335 988 2606 1042 tironibus
2637 997 2762 1041 uota

592 1091 681 1126 res
702 1085 796 1128 est.
820 1078 1201 1142 Squalormque
1222 1077 1297 1126 rei
1318 1085 1373 1127 et
1410 1071 1560 1143 (vid.
1585 1071 1657 1126 ad
1687 1072 1794 1138 IV,
1819 1072 1888 1125 63
1904 1110 1920 1136 ‚
1944 1071 2000 1129 ia
2022 1073 2156 1126 Var.
2187 1075 2336 1126 Lect.
2360 1075 2381 1142 )
2411 1073 2664 1140 pupillum
2685 1073 2759 1122 ad

579 1161 728 1225 jura,
753 1159 871 1230 jus,
894 1175 1164 1212 vocantem
1189 1160 1675 1226 cimamseripeomm‚
1719 1169 1982 1224 tutorem,
2023 1157 2118 1230 qui
2153 1157 2427 1231 pupillum
2463 1157 2624 1211 bonis
2651 1157 2758 1210 suis

597 1239 889 1296 fraudavit.
910 1242 1067 1298 Conf.
1090 1241 1158 1296 ad
1180 1245 1234 1308 1,
1258 1247 1345 1308 46,
1375 1249 1475 1312 47;
1496 1243 1550 1294 Χ
1563 1281 1580 1306 ,
1600 1259 1700 1294 222
1720 1280 1735 1304 ‚
1754 1253 1807 1294 et
1823 1241 1941 1312 huj.
1963 1240 2071 1294 loci
2087 1242 2219 1294 Var.
2243 1243 2389 1294 Lect.
2409 1269 2480 1282 -
2494 1240 2758 1312 Intelligit

594 1325 688 1380 bic
713 1325 949 1380 Cramer.
974 1329 1215 1378 accionem
1237 1324 1543 1378 rationibus
1558 1321 1952 1385 distrahendis,
1979 1341 2144 1396 quam
2161 1323 2317 1378 finita
2336 1324 2504 1378 tutela
2525 1323 2754 1379 instituit

597 1411 843 1482 pupillus
864 1422 1056 1464 contra
1083 1422 1319 1464 tutorem
1354 1410 1429 1462 ob
1457 1409 1810 1480 interceptam
1837 1408 2125 1481 pecuniam
2155 1409 2484 1481 pupillarem
2513 1408 2756 1481 maleque

594 1490 838 1548 redditas
863 1493 1129 1561 rationes,
1147 1491 1313 1567 idque
1334 1491 1389 1546 in
1412 1491 1660 1565 duplum.
1679 1493 1787 1546 Eu.

664 1665 803 1714 Vas.
830 1667 959 1716 ⁸136.
994 1665 1173 1729 tieem,
1196 1679 1279 1728 27,
1308 1675 1393 1728 47,
1412 1665 1497 1727 50,
1521 1667 1614 1726 54,
1641 1666 1732 1723 64.
1761 1665 1982 1725 Ποιητῇ,
1999 1671 2084 1722 “-
2119 1661 2368 1714 Alterutra
2383 1661 2534 1711 lectio
2561 1659 2753 1709 videtur

592 1747 877 1812 probanda3
895 1747 999 1798 vld.
1016 1765 1167 1814 supra
1186 1751 1251 1799 ad
1271 1752 1341 1799 VI
1356 1787 1371 1812 ,
1396 1751 1461 1799 62
1470 1753 1517 1800 3.

666 1840 807 1894 Nor.
853 1839 980 1906 136,
1008 1842 1126 1913 ¹37·
1163 1841 1532 1912 Designantur
1566 1840 1756 1905 fletus,
1787 1839 2020 1912 pueritia
2049 1851 2104 1894 et
2125 1838 2323 1894 decora
2347 1837 2510 1892 facies
2528 1835 2751 1909 pupilli,

594 1941 714 1995 que
746 1923 929 1978 omnia
970 1923 1041 1978 ad
1073 1925 1473 1978 miserationem
1508 1921 1814 1996 augendam
1839 1923 2035 1977 valent.
2069 1951 2140 1964 -
2182 1927 2331 1990 eujus
2365 1920 2562 1994 pupilli
2587 1921 2759 1989 capilli

584 2008 858 2072 puellares,
883 2007 1036 2078 longi
1054 2019 1109 2061 et
1128 2005 1355 2061 fluentes
1374 2048 1390 2074 ,
1416 2009 1606 2079 quales
1631 2025 1744 2060 esse
1768 2006 1944 2061 solent
1965 2005 2162 2080 puellis
2179 2005 2464 2078 puerisque
2488 2003 2750 2064 delicatis,

596 2107 685 2140 om
720 2093 987 2141 manantia
1000 2093 1131 2164 fletu
1148 2129 1163 2156 ,
1191 2090 1476 2164 lacrymis,
1492 2092 1700 2156 faciunt
1732 2094 1943 2151 incerta,
1979 2091 2087 2144 hoc
2127 2102 2236 2156 est,
2264 2089 2528 2144 incertum
2555 2087 2756 2141 faciunt

592 2169 917 2242 adspicienti
931 2211 947 2238 ,
968 2172 1105 2226 sitne
1124 2190 1262 2244 puer
1284 2191 1355 2226 an
1379 2173 1583 2246 puella.
1611 2175 1861 2226 Venusto
1891 2172 2026 2228 iden
2040 2212 2057 2240 ‚
2085 2175 2375 2245 eleganter,
2397 2183 2460 2224 ut
2487 2172 2688 2244 passim
2710 2189 2745 2224 a

592 2253 805 2326 poetis,
838 2273 1114 2327 expresso.
1145 2265 1160 2288 ¹
1192 2287 1265 2298 —
1284 2258 1412 2310 Non
1444 2256 1803 2311 delicatorum
1840 2270 2082 2324 tantum,
2109 2257 2204 2312 sed
2242 2270 2297 2312 et
2323 2255 2628 2310 communis
2659 2254 2752 2309 bic

594 2354 886 2407 puerorum
910 2335 1064 2410 apud
1082 2339 1357 2392 Romanos
1382 2339 1758 2393 universorum
1782 2339 2001 2395 babitus
2029 2341 2133 2394 suit
2150 2381 2166 2407 ,
2197 2353 2260 2394 ut
2279 2351 2425 2394 recte
2443 2351 2600 2394 notat
2623 2339 2752 2393 Cra·

591 2437 723 2473 mer.
748 2420 820 2474 ad
840 2421 899 2474 h.
928 2421 1033 2476 loc.
1056 2420 1269 2476 Comati
1296 2422 1436 2476 enim
1456 2423 1642 2496 pueri,
1669 2423 1812 2478 tonsi
1835 2422 2054 2478 demum
2075 2438 2229 2478 erant
2249 2437 2304 2478 et
2333 2422 2660 2478 circumcisis
2685 2421 2750 2474 ab

592 2521 723 2557 aure
746 2501 1195 2560 descendentibus
1219 2505 1432 2578 capillis
1452 2546 1467 2572 ,
1505 2507 1602 2560 ubi
1638 2519 1838 2561 vestem
1863 2509 2192 2581 pupillarem
2225 2507 2612 2580 deposuissent.
2638 2507 2748 2558 Ita·

592 2606 697 2660 que
722 2589 815 2642 hic
835 2601 1248 2662 representatur
1276 2589 1586 2646 adolescens
1603 2631 1619 2657 ,
1645 2611 1678 2646 a
1699 2604 1880 2646 tutore
1903 2593 2060 2646 bonis
2087 2593 2350 2666 spoliatus
2365 2630 2382 2658 ‚
2410 2593 2506 2665 qui
2529 2601 2745 2664 propter

589 2673 825 2738 luctum,
848 2675 949 2728 etsi
970 2675 1229 2729 liberatus
1251 2676 1449 2740 tutela,
1471 2677 1739 2748 puellares
1763 2677 1991 2749 capillos
2009 2676 2256 2731 nondum
2275 2675 2558 2750 deposuit,
2585 2691 2746 2748 quum

590 2756 855 2828 potuisset
873 2760 987 2830 jam
1014 2771 1069 2811 et
1096 2757 1369 2813 debuisset
1392 2777 1604 2813 comam
1627 2759 2047 2814 circumcidisse.
2077 2761 2184 2815 En.

661 2851 797 2905 Nor.
842 2853 969 2918 138,
1004 2855 1122 2920 ¹39·
1164 2854 1501 2909 Henninius:
1524 2857 1670 2909 «vix
1705 2869 1816 2920 est,
1838 2856 2047 2929 iuquit,
2068 2868 2133 2909 ut
2160 2855 2440 2910 Iuvenalis
2471 2853 2744 2909 hodiernis

590 2935 835 2988 moribus
864 2935 1213 3008 persuadeat,
1242 2937 1360 2992 fieri
1382 2939 1532 2994 bunc
1549 2944 1786 3008 gemitum
1815 2953 2012 2992 nauem
2041 2941 2273 3007 imperio,
2307 2936 2744 3010 quandoquidem

590 3016 705 3072 siue
728 3019 845 3072 ullo
878 3021 1081 3092 gemitu
1104 3021 1215 3076 fere
1241 3041 1307 3076 ea
1340 3021 1534 3082 funera
1558 3021 1804 3096 quotidie
1825 3035 2104 3076 occurant.
2135 3020 2244 3075 Sed
2269 3041 2340 3078 ne
2367 3022 2494 3094 quis
2509 3023 2542 3074 J
2547 3037 2743 3074 uvena·

591 3099 700 3154 lem
725 3103 1111 3171 φιλοσοφώτατον
1144 3104 1455 3174 &quempian
1490 3119 1709 3177 arguat,
1739 3103 2066 3172 notandum,
2095 3107 2318 3159 Veteres
2355 3106 2634 3167 statuisse,
2664 3104 2744 3156 in-

589 3184 801 3238 fantum
826 3185 1032 3241 animas
1066 3205 1275 3260 semper
1302 3187 1429 3242 flere
1456 3208 1560 3244 ceu
1590 3191 1788 3246 acerbo
1822 3190 2010 3244 funere
2039 3207 2268 3254 mersas,
2307 3188 2476 3262 idque
2506 3189 2744 3244 hausisse

586 3285 684 3322 eos
706 3287 771 3321 ex
792 3269 1199 3324 Platonicorum
1220 3268 1525 3342 dogmatis3
1561 3273 1718 3346 quod
1743 3273 1904 3328 docet
1928 3275 2086 3346 Virg.
2116 3271 2326 3326 AEneid.
2365 3274 2448 3326 vl
2464 3313 2479 3339 ,
2507 3275 2608 3338 426
2633 3289 2740 3344 seq.

589 3351 728 3405 Saue
755 3352 873 3406 haec
896 3351 1034 3406 serio
1059 3351 1367 3408 credentem
1393 3356 1603 3410 Natura
1629 3375 1738 3411 non
1769 3359 2126 3412 reluctantem
2147 3355 2311 3412 ducet
2341 3369 2633 3430 conspecto
2663 3356 2744 3408 iu·

590 3437 751 3490 fantis
766 3439 952 3492 funere
974 3438 1043 3492 ad
1062 3439 1312 3510 gemitus,
1334 3453 1540 3496 tactum
1560 3443 1675 3496 scil.
1695 3443 2164 3498 commiseratione
2179 3443 2532 3497 humanitatis
2549 3453 2744 3496 nostrae

590 3532 645 3572 et
678 3523 905 3576 etatulae
940 3521 1115 3588 illius,
1154 3539 1275 3595 qun
1316 3525 1455 3582 boni
1472 3525 1725 3598 'malique
1756 3529 1909 3600 juxta
1939 3545 2109 3600 guara
2143 3527 2452 3581 innocentes
2483 3525 2742 3580 animulas

1418 3701 1692 3722 mmm
1697 3703 1884 3723 mm

662 3839 683 3864 ¹
720 3830 839 3879 Vid.
864 3833 1135 3883 Mitscberl.
1165 3834 1226 3883 ad
1254 3836 1379 3886 Hor.
1410 3836 1509 3885 Od.
1535 3838 1614 3897 11,
1705 3851 1806 3884 mn
1819 3835 2038 3885 refertur.
2063 3835 2350 3885 «Puellam
2365 3833 2564 3899 capilli,
2585 3833 2735 3882 tristi·

592 3908 640 3972 5,
674 3911 761 3973 23,
784 3920 883 3970 aa,
918 3924 973 3963 et
1003 3915 1191 3980 Gierig.
1223 3916 1287 3964 ad
1312 3916 1461 3965 Ovid.
1489 3917 1613 3966 Met.
1703 3917 1770 3964 tia
1789 3926 1840 3965 et
1861 3917 2087 3980 squalore
2115 3915 2370 3981 longiores
2389 3931 2403 3964 t
2425 3931 2584 3979 quum
2603 3915 2736 3964 enin

588 3995 741 4052 vm,
760 3993 985 4051 322311
998 4029 1013 4058 ,
1030 4011 1057 4054 7
1072 4010 1093 4042 r
1108 4011 1153 4054 ις
1174 3995 1259 4044 adi
1276 4011 1477 4060 quoque
1500 3997 1618 4045 Ovi·
1703 3992 1780 4046 rei
1817 4005 2062 4057 tenemur,
2099 4006 2148 4044 et
2172 3995 2376 4060 capillos
2403 3993 2738 4054 demittimus3

588 4074 663 4125 dii
684 4072 803 4124 edit.
817 4082 949 4123 nost.
966 4074 1063 4122 vol.
1078 4077 1169 4138 lv,
1178 4092 1229 4140 p.
1252 4079 1377 4126 Stet
1400 4079 1618 4134 1433».
1705 4075 1792 4141 qui
1822 4075 2010 4126 faciunt
2031 4091 2128 4124 uos
2148 4075 2400 4126 interdum
2423 4073 2616 4124 vultum
2641 4075 2734 4122 ba·-
2819 4073 2824 4076 ’

585 4153 704 4201 -Δ
712 4151 1007 4216 quibusdam
1020 4153 1616 4221 cujusadcircnmscn‘peo-
1704 4155 1839 4221 bere,
1865 4167 2096 4222 tanquam
2114 4155 2308 4222 puella.
2319 4177 2344 4198 ι
2363 4153 2542 4208 Scholt
