3050 4884
854 384 964 449 IN
1012 384 1477 451 SATIRAM
1522 384 2020 455 DECIMAM.
2384 396 2500 459 131

362 508 650 549 emmanuet·
670 492 921 549 zeutem
934 500 1133 549 dicitur.
1154 500 1275 568 ‘Yid-
1295 500 1560 549 Mnnckcr.
1585 501 1646 549 ad
1673 502 1858 567 Hygin-
1879 504 1974 551 fab.
1999 506 2164 567 LVII,
2181 516 2228 555 et
2246 508 2422 573 Heync
2447 510 2514 557 ad

360 582 605 645 Aponod.
632 585 710 643 11,
730 600 781 639 a,
808 598 851 640 ι,
876 598 985 647 pag.
1021 598 1137 645 ²77·
1170 580 1477 643 Stheneboea,
1509 599 1553 642 1,
1584 585 1804 645 10—15,
1825 596 2052 648 ηιμ-ας,
2075 599 2160 653 ⁴9·
2179 589 2404 653 54—57,
2423 594 2514 657 59,

360 668 449 726 60,
483 666 573 726 61,
602 668 689 723 63,
722 668 809 726 65,
830 668 1061 728 67-77,
1087 668 1172 728 81,
1206 668 1289 715 82.
1316 667 1574 730 Stenebea,
1601 684 1682 716 ao.
1702 667 1994 735 &hem-boa,
2023 674 2108 735 58,
2135 676 2219 723 66.
2236 677 2506 734 Sceneboea,

363 762 450 807 αι,
476 763 561 806 ⁴22,
594 749 680 795 23.

433 840 571 898 Non.
598 839 720 905 3²7·
740 841 1041 901 senen-baa,
1067 859 1187 912 quo
1203 832 1376 894 Ᾰντιια.
1396 839 1597 895 dicitur
1615 843 1772 899 Hom.
1798 844 1881 909 11,
1902 848 1952 909 ζ,
1974 852 2092 911 160,
2109 862 2162 903 et
2182 852 2261 905 vel
2278 853 2505 917 Iobatoe,

358 924 447 976 vel
468 925 869 995 Amphianactis
895 924 1009 978 fllia
1032 926 1152 977 fuit.
1182 928 1330 979 Conf
1363 928 1493 980 Var.
1521 929 1666 981 Lect.
1691 943 1744 982 et
1763 932 1932 1004 Heyn.
1959 931 2030 984 ad
2049 935 2301 1005 Apollod.
2335 937 2389 989 11
2407 974 2424 1003 ‚
2451 957 2510 1000 a,

364 1024 393 1059 1
411 1047 429 1072 ‚
448 1018 505 1059 et
525 1007 611 1059 111
628 1046 643 1070 ,
664 1024 727 1073 9,
756 1025 799 1059 1.
830 1036 895 1049 -
932 1011 1108 1060 Cressa
1126 1008 1353 1063 Phaedra
1368 1048 1383 1073 ‚
1413 1010 1615 1063 Minois
1641 1013 1778 1083 regis
1803 1014 2070 1069 Cretensis
2090 1016 2218 1069 fllia.
2249 1018 2361 1071 Cur
2381 1038 2511 1071 vero

365 1095 540 1143 Cressa
552 1094 661 1145 hoc
680 1093 801 1145 loco
820 1090 1042 1157 dicitur,
1062 1112 1163 1147 nec
1178 1094 1357 1166 potius
1370 1095 1594 1166 proprio
1611 1096 1829 1149 nomine
1843 1099 2056 1149 Phaedra
2071 1108 2100 1149 θ
2115 1101 2309 1153 Nonne
2326 1120 2388 1161 ex
2407 1104 2513 1157 bac

356 1194 580 1249 quoque
596 1216 613 1239 ‚
636 1190 697 1229 ut
716 1195 779 1229 ex
802 1176 925 1228 aliis
942 1178 1143 1230 caussis
1161 1218 1177 1243 ‚
1200 1177 1485 1250 probabile
1502 1172 1588 1235 fit,
1614 1177 1852 1231 Phaedro
1873 1183 1985 1252 jam
2007 1194 2160 1233 antea
2183 1185 2511 1239 mentionem

360 1260 561 1311 factam
581 1298 598 1321 ,
626 1272 679 1312 et
699 1279 730 1313 a
750 1259 989 1313 librariis
1017 1260 1300 1315 lectionem
1321 1278 1401 1315 vs.
1422 1262 1530 1315 326
1555 1274 1868 1333 corruptam
1891 1281 2018 1316 esse.
2047 1262 2192 1317 Vide
2213 1266 2290 1318 ibi
2318 1267 2514 1321 Varias

356 1343 656 1397 Lectiones.

430 1440 552 1493 Nor
609 1440 731 1495 328.
772 1444 1062 1492 eoncussm
1078 1459 1160 1505 se,
1182 1451 1406 1511 propter
1428 1441 1702 1511 repulsam
1727 1455 2007 1496 commota
2029 1458 2180 1511 sunt,
2213 1447 2516 1501 excitarunt

360 1538 417 1574 se
452 1522 607 1577 irato
635 1522 707 1575 ad
738 1522 1064 1586 vindictam,
1088 1534 1149 1575 ut
1178 1522 1327 1593 apud
1350 1522 1495 1575 Flor.
1531 1525 1620 1577 111
1637 1565 1651 1587 ‚
1679 1545 1728 1591 1,
1757 1546 1842 1597 pr.
1876 1530 1988 1577 Non
2015 1530 2181 1579 leviter
2202 1548 2254 1581 se
2275 1532 2514 1583 Nwm'dia

358 1609 632 1667 concussit,
652 1605 725 1660 ad
744 1605 1099 1679 pugnandum
1114 1644 1129 1665 ‚
1160 1604 1231 1659 ad
1250 1606 1453 1659 bellum
1475 1605 1686 1661 sortiter
1707 1607 2016 1679 gerendum.
2045 1610 2228 1665 Genus
2253 1612 2516 1683 loquendi

358 1708 393 1742 a
418 1690 575 1743 leone
593 1731 610 1756 ‚
630 1690 725 1761 qui
748 1690 917 1743 iratus
937 1709 993 1743 se
1014 1688 1349 1760 caudamque
1368 1691 1608 1743 concutit
1621 1730 1638 1754 ‚
1661 1693 1888 1762 petitum
1909 1692 2143 1757 videtur,
2161 1714 2270 1746 non
2289 1714 2318 1748 a
2339 1697 2514 1751 lucta-

356 1774 595 1839 toribus,
610 1774 703 1844 qui
720 1774 977 1827 cenaturi
994 1790 1185 1826 manus
1205 1773 1537 1826 concutiunt.
1560 1772 1674 1825 Nisi
1692 1774 1865 1839 malis,
1884 1794 2162 1827 concussere
2177 1796 2252 1843 se,
2273 1777 2513 1833 animum

358 1858 665 1929 agitaruut,
690 1857 984 1913 vindictam
1004 1876 1185 1911 secum
1204 1858 1385 1911 animo
1405 1856 1735 1910 volutarunt.
1760 1857 1920 1911 Cous.
1945 1858 2092 1929 Virg.
2125 1858 2338 1914 AEneid.
2363 1861 2507 1927 VII,

357 1940 495 2006 338,
520 1940 705 2011 ibique
728 1941 903 2013 Heyn.
930 1939 1036 1994 sed
1060 1938 1199 1991 illud
1224 1939 1403 2007 aptius
1424 1940 1763 2009 graviusque.

430 2036 569 2089 Nor.
610 2037 731 2103 3²9·
774 2036 1108 2103 Qunmpudor
1120 2033 1193 2085 ob
1216 2050 1331 2085 rem
1350 2045 1561 2104 turpem
1575 2072 1591 2095 ,
1619 2034 1834 2104 qualem
1855 2032 2260 2091 meditabantur
2278 2040 2508 2095 Phoedra

356 2128 411 2169 et
428 2118 752 2171 Stheneboea
764 2156 781 2181 ‚
802 2120 1019 2169 stimulos
1037 2120 1259 2168 admovet
1274 2116 1411 2181 odio,
1428 2114 1678 2169 accendit
1695 2114 1883 2169 odium
1903 2128 1956 2169 et
1975 2118 2110 2171 iram
2127 2118 2299 2175 addit.
2322 2123 2508 2177 Genus

358 2198 623 2271 loquendi
654 2214 841 2252 notum
870 2196 1203 2270 ductumque
1230 2217 1261 2251 a
1289 2200 1506 2260 stimulo,
1545 2200 1724 2270 κέντρῳ
1741 2238 1756 2261 ,
1788 2218 1884 2252 seu
1915 2208 2214 2272 σαυρωτῆρι,
2241 2224 2350 2276 quo
2381 2208 2512 2277 equi

359 2296 455 2338 aut
478 2285 643 2337 boves
673 2296 911 2337 aratores
934 2284 1099 2355 pungi
1125 2294 1179 2334 et
1210 2281 1424 2333 incitari
1450 2282 1724 2349 solebant,
1751 2282 1897 2335 unde
1917 2287 2167 2355 proverb,
2189 2289 2307 2359 πρὸς
2333 2292 2510 2362 κέντρα

358 2366 597 2425 λακτίζειν
616 2406 633 2431 ,
669 2379 723 2419 et
756 2366 1080 2435 κεντρηνεκέας
1112 2364 1267 2416 ἵπποι.

430 2466 611 2517 Ausi..
652 2460 948 2531 329—345.
978 2458 1447 2514 pulchritudinem
1463 2476 1576 2516 esse
1599 2461 1817 2517 noxiam
1831 2500 1848 2526 ,
1870 2464 2134 2533 probatur
2150 2469 2312 2521 etiam
2331 2488 2507 2523 exem.

358 2546 457 2617 plo
482 2546 543 2599 C.
572 2545 723 2609 Silii,
750 2544 961 2617 juvenis
992 2542 1391 2605 formosissimi,
1416 2555 1469 2595 et
1490 2544 1726 2597 consulis
1753 2544 2044 2617 designati,
2075 2550 2161 2602 cui
2185 2552 2504 2621 Messalina,

360 2630 581 2684 Claudii
602 2628 949 2701 Imperatoris
983 2646 1150 2692 uxor,
1186 2626 1377 2679 insano
1411 2642 1594 2680 amore
1621 2640 1782 2699 capta
1799 2668 1816 2694 ,
1844 2632 2024 2700 palam
2051 2634 2259 2703 nupsit,
2287 2639 2504 2693 absente

360 2714 561 2767 marito
588 2713 906 2783 Ostiamque
934 2710 1183 2765 sacrificii
1215 2726 1403 2763 caussa
1432 2710 1707 2780 profecto3
1740 2730 1859 2783 quae
1882 2714 2053 2767 forma
2081 2728 2136 2767 et
2167 2718 2272 2789 ipsi
2297 2733 2350 2773 et
2367 2722 2507 2775 Silio

358 2798 580 2850 exitium
600 2796 807 2868 peperit
822 2816 836 2861 ;
854 2794 967 2849 vid.
990 2796 1123 2847 Tac.
1144 2802 1280 2847 Ann.
1306 2793 1384 2845 xl
1401 2832 1417 2856 ‚
1438 2792 1489 2855 ⁵,
1520 2792 1742 2846 12—38.
1761 2824 1834 2835 —
1859 2788 2002 2847 Nota
2017 2797 2147 2850 Aah.
2171 2813 2284 2852 est:
2305 2805 2504 2859 «Juve-

360 2879 499 2931 nalis
537 2879 594 2932 h.
636 2880 736 2931 loc.
770 2879 885 2949 ipsa
920 2876 1150 2929 historia
1192 2876 1407 2939 mitior,
1442 2874 1497 2925 in
1531 2874 1663 2927 Silio
1694 2876 1864 2928 multo
1890 2880 2106 2950 majoris
2138 2882 2298 2953 pretii
2328 2884 2504 2939 virum

358 2962 520 3015 nobis
541 2962 702 3015 offert
716 3003 731 3026 ‚
758 2980 919 3034 quam
937 2979 995 3013 re
1014 2978 1139 3013 vera
1155 2958 1255 3011 fuit
1276 2976 1289 3010 :
1315 2976 1437 3009 nam
1459 2958 1623 3011 Silius
1646 2959 1866 3031 quidem
1885 2979 1914 3013 a
1933 2962 2222 3019 Messalina
2243 2968 2502 3025 sollicita-

360 3058 447 3099 tus
470 3046 687 3098 Iuniam
718 3045 955 3097 Silanam
979 3061 1195 3096 uxorem
1229 3060 1379 3094 suam
1398 3041 1728 3112 repudiavit:
1761 3056 1816 3097 at
1840 3046 1929 3097 ille
1959 3046 2144 3115 paullo
2165 3064 2286 3121 post
2308 3065 2361 3106 et
2387 3073 2502 3108 am-

360 3129 568 3181 bitionc
590 3128 815 3201 pessima
833 3127 1054 3191 ductus,
1083 3139 1136 3179 et
1153 3126 1419 3177 honorum
1441 3138 1602 3198 atque
1626 3127 1948 3199 dignitatum
1971 3150 2064 3203 spe
2093 3146 2319 3189 mentem
2341 3145 2503 3191 occe-

362 3223 541 3269 catns‚
568 3212 739 3282 ipsam
758 3210 991 3263 vicissim
1013 3208 1353 3262 Messalinam
1376 3209 1617 3280 impulit.
1640 3224 1701 3264 ut
1721 3213 1936 3268 insanas
1955 3215 2169 3285 nuptias
2189 3219 2500 3275 celebraret.

366 3294 508 3346 Vide
527 3294 700 3347 Tacit.
722 3292 907 3346 Annal.
930 3292 1037 3357 xl,
1070 3296 1133 3344 26
1148 3332 1164 3357 ‚
1196 3310 1215 3343 1
1230 3310 1273 3343 t.
1314 3292 1477 3345 Silius
1498 3305 1672 3346 tamen
1701 3293 1754 3345 id
1779 3294 1904 3347 fecit
1923 3297 2230 3351 necessitate
2249 3314 2468 3355 coactus
2485 3342 2502 3368 ,

366 3378 612 3449 quamvis
635 3396 743 3429 non
762 3378 836 3428 ita
856 3388 1031 3429 castus
1048 3388 1095 3429 et
1118 3374 1383 3447 propositi
1409 3388 1565 3428 tenax
1581 3416 1596 3439 ,
1618 3388 1676 3428 ut
1700 3376 2024 3451 Hippolytus
2041 3392 2094 3431 et
2113 3381 2501 3455 Bellerophon,

366 3472 544 3513 tamen
574 3480 681 3511 non
720 3460 897 3511 minus
927 3458 1035 3511 sere
1064 3458 1258 3529 dignus
1290 3457 1423 3522 fuit,
1460 3460 1614 3531 cujus
1649 3460 2076 3513 misereremur..

436 3558 577 3609 Nom.
615 3557 733 3625 3²9.
766 3559 906 3625 Elige·
922 3594 937 3616 ,
963 3553 1052 3607 dic
1068 3593 1085 3617 ,
1114 3559 1351 3623 quidnam
1374 3560 1684 3608 suadendum
1718 3578 1821 3609 esse
1835 3574 1976 3624 putes
2001 3561 2134 3614 Silio
2149 3602 2164 3625 ,
2188 3566 2506 3635 precibusne

364 3639 666 3691 Messalino
678 3639 1021 3711 obsequatur,
1040 3657 1262 3709 eamque
1282 3658 1499 3692 uxorem
1520 3639 1710 3703 ducat,
1737 3642 1940 3695 necne?
1963 3643 2018 3697 Si
2037 3644 2274 3711 duxerit,
2291 3650 2502 3721 pericu-

366 3725 480 3777 lum
513 3726 699 3777 mortis
732 3723 1075 3777 metuendum
1108 3743 1135 3776 a
1170 3722 1425 3785 Claudio;
1458 3723 1501 3777 si
1534 3724 1812 3788 abnuerit,
1847 3746 1876 3779 a
1915 3728 2214 3787 Messalina.
2247 3732 2506 3795 Conditiq

368 3807 549 3879 itaque
568 3810 684 3879 ejus
703 3809 996 3861 miserrima
1020 3807 1145 3873 fuit,
1178 3820 1487 3879 certmnque
1510 3820 1563 3859 et
1587 3808 1897 3863 inevitabile
1923 3812 2158 3867 exitium.
2509 3800 2514 3812 ²

440 3934 573 3981 Via.
610 3933 728 3980 330.
766 3935 948 3989 Putas,
980 3948 1068 3991 ια,
1100 3932 1177 3991 ιδ,
1199 3946 1261 3978 22
1280 3966 1294 3987 ,
1320 3932 1405 3991 67,
1430 3930 1524 3989 68,
1549 3946 1632 3990 72.

440 4028 571 4075 Vu.
612 4030 728 4077 331.
764 4027 1014 4086 Destinet,
1043 4042 1125 4087 αα,
1154 4036 1237 4087 47,
1266 4028 1349 4083 48.
1378 4024 1622 4083 Festinat,
1655 4028 1746 4084 16,
1775 4028 1859 4077 66.

444 4118 581 4172 Nor.
620 4120 685 4175 33
694 4138 741 4173 2.
780 4124 987 4188 Παρίων
1002 4119 1166 4173 Silius
1190 4122 1473 4173 Messalinoe
1489 4120 1668 4182 oculis,
1693 4136 1874 4173 amore
1897 4118 2235 4187 ardentibus,
2263 4123 2370 4175 hoc
2391 4134 2489 4187 est,

2155 4230 2220 4291 9·
