<?xml version="1.0" encoding="UTF-8"?>
<!DOCTYPE html PUBLIC "-//W3C//DTD XHTML 1.0 Transitional//EN"
    "http://www.w3.org/TR/xhtml1/DTD/xhtml1-transitional.dtd">
<html xmlns="http://www.w3.org/1999/xhtml" xml:lang="en" lang="en">
 <head>
  <title>
</title>
<meta http-equiv="Content-Type" content="text/html;charset=utf-8" />
  <meta name='ocr-system' content='tesseract 3.04.00' />
  <meta name='ocr-capabilities' content='ocr_page ocr_carea ocr_par ocr_line ocrx_word'/>
</head>
<body>
  <div class='ocr_page' id='page_1' title='image "./djuniijuvenalis00jouvgoog/djuniijuvenalis00jouvgoog_0308.png"; bbox 0 0 3050 4884; ppageno 0'>
   <div class='ocr_carea' id='block_1_1' title="bbox 835 375 2536 459">
    <p class='ocr_par' dir='ltr' id='par_1_1' title="bbox 835 375 2536 459">
     <span class='ocr_line' id='line_1_1' title="bbox 835 375 2536 459; baseline 0.001 -19"><span class='ocrx_word' id='word_1_1' title='bbox 835 375 1187 440; x_wconf 69' lang='lat' dir='ltr'><strong>SATIRA</strong></span> <span class='ocrx_word' id='word_1_2' title='bbox 1232 375 1614 441; x_wconf 83' lang='lat' dir='ltr'>DECIMA</span> <span class='ocrx_word' id='word_1_3' title='bbox 1659 377 2085 459; x_wconf 78' lang='lat' dir='ltr'><strong>QUARTA.</strong></span> <span class='ocrx_word' id='word_1_4' title='bbox 2411 379 2536 442; x_wconf 77' lang='lat'><strong>303</strong></span> 
     </span>
    </p>
   </div>
   <div class='ocr_carea' id='block_1_2' title="bbox 379 490 2540 2560">
    <p class='ocr_par' dir='ltr' id='par_1_2' title="bbox 388 490 2538 1023">
     <span class='ocr_line' id='line_1_2' title="bbox 392 490 2216 582; baseline -0.001 -20"><span class='ocrx_word' id='word_1_5' title='bbox 392 495 621 582; x_wconf 87' lang='lat' dir='ltr'><strong>Quum</strong></span> <span class='ocrx_word' id='word_1_6' title='bbox 656 492 952 561; x_wconf 89' lang='lat' dir='ltr'><strong>subeunt</strong></span> <span class='ocrx_word' id='word_1_7' title='bbox 986 492 1243 560; x_wconf 90' lang='lat' dir='ltr'><strong>animos</strong></span> <span class='ocrx_word' id='word_1_8' title='bbox 1278 490 1684 560; x_wconf 88' lang='lat' dir='ltr'><strong>auctoribus.</strong></span> <span class='ocrx_word' id='word_1_9' title='bbox 1726 492 1920 560; x_wconf 90' lang='lat' dir='ltr'><strong>Unus</strong></span> <span class='ocrx_word' id='word_1_10' title='bbox 1952 509 2019 562; x_wconf 89' lang='lat' dir='ltr'><strong>et</strong></span> <span class='ocrx_word' id='word_1_11' title='bbox 2047 491 2216 561; x_wconf 86' lang='lat' dir='ltr'><strong>alter</strong></span> 
     </span>
     <span class='ocr_line' id='line_1_3' title="bbox 392 600 2366 698; baseline -0.001 -26"><span class='ocrx_word' id='word_1_12' title='bbox 392 605 699 672; x_wconf 84' lang='lat' dir='ltr'><strong>Forsitan</strong></span> <span class='ocrx_word' id='word_1_13' title='bbox 725 603 870 672; x_wconf 85' lang='lat' dir='ltr'><strong>haec</strong></span> <span class='ocrx_word' id='word_1_14' title='bbox 896 615 1217 696; x_wconf 85' lang='lat' dir='ltr'><strong>spernant</strong></span> <span class='ocrx_word' id='word_1_15' title='bbox 1240 602 1562 698; x_wconf 82' lang='lat' dir='ltr'><strong>juvenes,</strong></span> <span class='ocrx_word' id='word_1_16' title='bbox 1597 600 1840 694; x_wconf 89' lang='lat' dir='ltr'><strong>quibus</strong></span> <span class='ocrx_word' id='word_1_17' title='bbox 1865 617 2008 692; x_wconf 87' lang='lat' dir='ltr'><strong>arte</strong></span> <span class='ocrx_word' id='word_1_18' title='bbox 2039 603 2366 696; x_wconf 84' lang='lat' dir='ltr'><strong>benigna,</strong></span> 
     </span>
     <span class='ocr_line' id='line_1_4' title="bbox 392 709 2538 805; baseline -0.001 -25"><span class='ocrx_word' id='word_1_19' title='bbox 392 715 482 781; x_wconf 92' lang='lat' dir='ltr'><strong>Et</strong></span> <span class='ocrx_word' id='word_1_20' title='bbox 511 709 785 781; x_wconf 88' lang='lat' dir='ltr'><strong>meliore</strong></span> <span class='ocrx_word' id='word_1_21' title='bbox 815 710 959 781; x_wconf 91' lang='lat' dir='ltr'><strong>luto</strong></span> <span class='ocrx_word' id='word_1_22' title='bbox 996 710 1193 780; x_wconf 81' lang='lat' dir='ltr'><strong>finxit</strong></span> <span class='ocrx_word' id='word_1_23' title='bbox 1228 710 1600 805; x_wconf 85' lang='lat' dir='ltr'><strong>praecordia</strong></span> <span class='ocrx_word' id='word_1_24' title='bbox 1623 711 1824 779; x_wconf 88' lang='lat' dir='ltr'><strong>Titan</strong></span> <span class='ocrx_word' id='word_1_25' title='bbox 1857 737 1874 780; x_wconf 92' lang='lat'>:</span> <span class='ocrx_word' id='word_1_26' title='bbox 2473 727 2538 780; x_wconf 81' lang='lat'><strong>3⁵</strong></span> 
     </span>
     <span class='ocr_line' id='line_1_5' title="bbox 388 817 2145 916; baseline -0.002 -24"><span class='ocrx_word' id='word_1_27' title='bbox 388 821 519 892; x_wconf 84' lang='lat' dir='ltr'><strong>Sed</strong></span> <span class='ocrx_word' id='word_1_28' title='bbox 555 819 845 915; x_wconf 88' lang='lat' dir='ltr'><strong>reliquos</strong></span> <span class='ocrx_word' id='word_1_29' title='bbox 883 817 1206 916; x_wconf 82' lang='lat' dir='ltr'><strong>fugienda</strong></span> <span class='ocrx_word' id='word_1_30' title='bbox 1236 835 1509 914; x_wconf 88' lang='lat' dir='ltr'><strong>patrum</strong></span> <span class='ocrx_word' id='word_1_31' title='bbox 1545 821 1820 914; x_wconf 70' lang='lat' dir='ltr'><strong>vestigia</strong></span> <span class='ocrx_word' id='word_1_32' title='bbox 1855 819 2145 906; x_wconf 86' lang='lat' dir='ltr'><strong>ducunt,</strong></span> 
     </span>
     <span class='ocr_line' id='line_1_6' title="bbox 388 928 2066 1023; baseline -0.002 -23"><span class='ocrx_word' id='word_1_33' title='bbox 388 933 476 1000; x_wconf 88' lang='lat' dir='ltr'><strong>Et</strong></span> <span class='ocrx_word' id='word_1_34' title='bbox 509 943 889 1001; x_wconf 87' lang='lat' dir='ltr'><strong>monstrata</strong></span> <span class='ocrx_word' id='word_1_35' title='bbox 920 930 1039 998; x_wconf 89' lang='lat' dir='ltr'><strong>diu</strong></span> <span class='ocrx_word' id='word_1_36' title='bbox 1066 929 1309 998; x_wconf 83' lang='lat' dir='ltr'><strong>veteris</strong></span> <span class='ocrx_word' id='word_1_37' title='bbox 1340 929 1552 998; x_wconf 87' lang='lat' dir='ltr'><strong>trahit</strong></span> <span class='ocrx_word' id='word_1_38' title='bbox 1583 929 1801 998; x_wconf 91' lang='lat' dir='ltr'><strong>orbita</strong></span> <span class='ocrx_word' id='word_1_39' title='bbox 1833 928 2066 1023; x_wconf 85' lang='lat' dir='ltr'><strong>culpae.</strong></span> 
     </span>
    </p>

    <p class='ocr_par' dir='ltr' id='par_1_3' title="bbox 379 1037 2540 2560">
     <span class='ocr_line' id='line_1_7' title="bbox 484 1037 2134 1134; baseline -0.001 -26"><span class='ocrx_word' id='word_1_40' title='bbox 484 1039 837 1109; x_wconf 82' lang='lat' dir='ltr'><strong>Abstineas</strong></span> <span class='ocrx_word' id='word_1_41' title='bbox 868 1037 1077 1133; x_wconf 86' lang='lat' dir='ltr'><strong>igitur</strong></span> <span class='ocrx_word' id='word_1_42' title='bbox 1099 1037 1497 1109; x_wconf 84' lang='lat' dir='ltr'><strong>damnandis</strong></span> <span class='ocrx_word' id='word_1_43' title='bbox 1528 1065 1547 1107; x_wconf 75' lang='grc' dir='ltr'><strong><em>ε</em></strong></span> <span class='ocrx_word' id='word_1_44' title='bbox 1583 1038 1786 1134; x_wconf 90' lang='lat' dir='ltr'><strong>hujus</strong></span> <span class='ocrx_word' id='word_1_45' title='bbox 1819 1039 1999 1107; x_wconf 87' lang='lat' dir='ltr'><strong>enim</strong></span> <span class='ocrx_word' id='word_1_46' title='bbox 2021 1037 2134 1106; x_wconf 76' lang='lat' dir='ltr'><strong>vel</strong></span> 
     </span>
     <span class='ocr_line' id='line_1_8' title="bbox 394 1149 2298 1246; baseline -0.001 -30"><span class='ocrx_word' id='word_1_47' title='bbox 394 1149 553 1217; x_wconf 85' lang='lat' dir='ltr'><strong>Una</strong></span> <span class='ocrx_word' id='word_1_48' title='bbox 586 1163 827 1246; x_wconf 90' lang='lat' dir='ltr'><strong>potens</strong></span> <span class='ocrx_word' id='word_1_49' title='bbox 864 1150 1034 1218; x_wconf 89' lang='lat' dir='ltr'><strong>ratio</strong></span> <span class='ocrx_word' id='word_1_50' title='bbox 1075 1164 1207 1235; x_wconf 77' lang='lat' dir='ltr'><strong>est,</strong></span> <span class='ocrx_word' id='word_1_51' title='bbox 1245 1173 1331 1218; x_wconf 88' lang='lat' dir='ltr'><strong>ne</strong></span> <span class='ocrx_word' id='word_1_52' title='bbox 1362 1149 1646 1218; x_wconf 88' lang='lat' dir='ltr'><strong>crimina</strong></span> <span class='ocrx_word' id='word_1_53' title='bbox 1675 1163 1906 1217; x_wconf 88' lang='lat' dir='ltr'><strong>nostra</strong></span> <span class='ocrx_word' id='word_1_54' title='bbox 1931 1155 2298 1242; x_wconf 88' lang='lat' dir='ltr'><strong>sequantur</strong></span> 
     </span>
     <span class='ocr_line' id='line_1_9' title="bbox 385 1259 2540 1356; baseline -0.003 -29"><span class='ocrx_word' id='word_1_55' title='bbox 385 1261 489 1327; x_wconf 82' lang='lat' dir='ltr'><strong>Ex</strong></span> <span class='ocrx_word' id='word_1_56' title='bbox 514 1259 709 1328; x_wconf 89' lang='lat' dir='ltr'><strong>nobis</strong></span> <span class='ocrx_word' id='word_1_57' title='bbox 735 1259 986 1354; x_wconf 83' lang='lat' dir='ltr'><strong>geniti3</strong></span> <span class='ocrx_word' id='word_1_58' title='bbox 1025 1261 1345 1356; x_wconf 89' lang='lat' dir='ltr'><strong>quoniam</strong></span> <span class='ocrx_word' id='word_1_59' title='bbox 1379 1259 1630 1329; x_wconf 86' lang='lat' dir='ltr'><strong>dociles</strong></span> <span class='ocrx_word' id='word_1_60' title='bbox 1665 1259 2010 1329; x_wconf 86' lang='lat' dir='ltr'><strong>imitandis</strong></span> <span class='ocrx_word' id='word_1_61' title='bbox 2468 1282 2540 1334; x_wconf 78' lang='grc' dir='ltr'><strong>4ο</strong></span> 
     </span>
     <span class='ocr_line' id='line_1_10' title="bbox 382 1368 2165 1464; baseline -0.001 -27"><span class='ocrx_word' id='word_1_62' title='bbox 382 1369 723 1464; x_wconf 89' lang='lat' dir='ltr'><strong>Turpibus</strong></span> <span class='ocrx_word' id='word_1_63' title='bbox 756 1393 836 1439; x_wconf 90' lang='lat' dir='ltr'><strong>ac</strong></span> <span class='ocrx_word' id='word_1_64' title='bbox 869 1371 1091 1463; x_wconf 89' lang='lat' dir='ltr'><strong>pravis</strong></span> <span class='ocrx_word' id='word_1_65' title='bbox 1128 1395 1357 1441; x_wconf 91' lang='lat' dir='ltr'><strong>omnes</strong></span> <span class='ocrx_word' id='word_1_66' title='bbox 1392 1395 1666 1460; x_wconf 87' lang='lat' dir='ltr'><strong>sumus;</strong></span> <span class='ocrx_word' id='word_1_67' title='bbox 1708 1385 1776 1439; x_wconf 90' lang='lat' dir='ltr'><strong>et</strong></span> <span class='ocrx_word' id='word_1_68' title='bbox 1805 1368 2165 1441; x_wconf 85' lang='lat' dir='ltr'><strong>Catilinam</strong></span> 
     </span>
     <span class='ocr_line' id='line_1_11' title="bbox 384 1477 2339 1574; baseline -0.001 -28"><span class='ocrx_word' id='word_1_69' title='bbox 384 1477 833 1572; x_wconf 87' lang='lat' dir='ltr'><strong>Quocumque</strong></span> <span class='ocrx_word' id='word_1_70' title='bbox 862 1481 934 1547; x_wconf 91' lang='lat' dir='ltr'><strong>in</strong></span> <span class='ocrx_word' id='word_1_71' title='bbox 972 1478 1227 1574; x_wconf 90' lang='lat' dir='ltr'><strong>populo</strong></span> <span class='ocrx_word' id='word_1_72' title='bbox 1256 1479 1520 1566; x_wconf 61' lang='lat' dir='ltr'><strong>videa-3,</strong></span> <span class='ocrx_word' id='word_1_73' title='bbox 1561 1500 1992 1573; x_wconf 88' lang='lat' dir='ltr'><strong>quocumque</strong></span> <span class='ocrx_word' id='word_1_74' title='bbox 2028 1479 2154 1546; x_wconf 88' lang='lat' dir='ltr'><strong>sub</strong></span> <span class='ocrx_word' id='word_1_75' title='bbox 2184 1496 2339 1564; x_wconf 80' lang='lat' dir='ltr'><strong>axe3</strong></span> 
     </span>
     <span class='ocr_line' id='line_1_12' title="bbox 383 1585 2260 1681; baseline -0.001 -25"><span class='ocrx_word' id='word_1_76' title='bbox 383 1585 519 1656; x_wconf 86' lang='lat' dir='ltr'><strong>Sed</strong></span> <span class='ocrx_word' id='word_1_77' title='bbox 548 1611 679 1655; x_wconf 92' lang='lat' dir='ltr'><strong>nec</strong></span> <span class='ocrx_word' id='word_1_78' title='bbox 706 1590 952 1657; x_wconf 90' lang='lat' dir='ltr'><strong>Brutus</strong></span> <span class='ocrx_word' id='word_1_79' title='bbox 986 1590 1150 1676; x_wconf 88' lang='lat' dir='ltr'><strong>erit,</strong></span> <span class='ocrx_word' id='word_1_80' title='bbox 1184 1589 1387 1658; x_wconf 85' lang='lat' dir='ltr'><strong>Bruti·</strong></span> <span class='ocrx_word' id='word_1_81' title='bbox 1407 1613 1533 1657; x_wconf 91' lang='lat' dir='ltr'><strong>nec</strong></span> <span class='ocrx_word' id='word_1_82' title='bbox 1559 1585 1931 1658; x_wconf 84' lang='lat' dir='ltr'><strong>avunculus</strong></span> <span class='ocrx_word' id='word_1_83' title='bbox 1955 1610 2260 1681; x_wconf 84' lang='lat' dir='ltr'><strong>usquam.</strong></span> 
     </span>
     <span class='ocr_line' id='line_1_13' title="bbox 383 1677 2026 1798; baseline -0.002 -30"><span class='ocrx_word' id='word_1_84' title='bbox 383 1695 501 1768; x_wconf 90' lang='lat' dir='ltr'><strong>Nil</strong></span> <span class='ocrx_word' id='word_1_85' title='bbox 525 1695 710 1767; x_wconf 89' lang='lat' dir='ltr'><strong>dictu</strong></span> <span class='ocrx_word' id='word_1_86' title='bbox 734 1677 993 1767; x_wconf 80' lang='lat' dir='ltr'><strong>foedum</strong></span> <span class='ocrx_word' id='word_1_87' title='bbox 1016 1700 1300 1798; x_wconf 82' lang='lat' dir='ltr'><strong>visuque</strong></span> <span class='ocrx_word' id='word_1_88' title='bbox 1327 1700 1473 1769; x_wconf 76' lang='lat' dir='ltr'><strong>haec</strong></span> <span class='ocrx_word' id='word_1_89' title='bbox 1500 1697 1734 1767; x_wconf 89' lang='lat' dir='ltr'><strong>limina</strong></span> <span class='ocrx_word' id='word_1_90' title='bbox 1761 1711 2026 1792; x_wconf 85' lang='lat' dir='ltr'><strong>tangat,</strong></span> 
     </span>
     <span class='ocr_line' id='line_1_14' title="bbox 382 1805 2534 1902; baseline 0.002 -30"><span class='ocrx_word' id='word_1_91' title='bbox 382 1808 573 1874; x_wconf 89' lang='lat' dir='ltr'><strong>Intra</strong></span> <span class='ocrx_word' id='word_1_92' title='bbox 596 1832 743 1901; x_wconf 84' lang='lat' dir='ltr'><strong>quae</strong></span> <span class='ocrx_word' id='word_1_93' title='bbox 768 1832 937 1901; x_wconf 89' lang='lat' dir='ltr'><strong>puer</strong></span> <span class='ocrx_word' id='word_1_94' title='bbox 960 1823 1081 1879; x_wconf 90' lang='lat' dir='ltr'><strong>est.</strong></span> <span class='ocrx_word' id='word_1_95' title='bbox 1108 1807 1353 1878; x_wconf 91' lang='lat' dir='ltr'><strong>Procul</strong></span> <span class='ocrx_word' id='word_1_96' title='bbox 1380 1807 1576 1897; x_wconf 88' lang='lat' dir='ltr'><strong>hinc,</strong></span> <span class='ocrx_word' id='word_1_97' title='bbox 1615 1806 1855 1902; x_wconf 90' lang='lat' dir='ltr'><strong>procul</strong></span> <span class='ocrx_word' id='word_1_98' title='bbox 1888 1807 2043 1876; x_wconf 86' lang='lat' dir='ltr'><strong>inde</strong></span> <span class='ocrx_word' id='word_1_99' title='bbox 2070 1805 2307 1902; x_wconf 80' lang='lat' dir='ltr'><strong>puellae</strong></span> <span class='ocrx_word' id='word_1_100' title='bbox 2467 1826 2534 1888; x_wconf 71' lang='lat'><strong>155</strong></span> 
     </span>
     <span class='ocr_line' id='line_1_15' title="bbox 381 1915 1953 2011; baseline 0.003 -31"><span class='ocrx_word' id='word_1_101' title='bbox 381 1915 774 2002; x_wconf 89' lang='lat' dir='ltr'><strong>Lenonum,</strong></span> <span class='ocrx_word' id='word_1_102' title='bbox 810 1931 881 1984; x_wconf 91' lang='lat' dir='ltr'><strong>et</strong></span> <span class='ocrx_word' id='word_1_103' title='bbox 908 1931 1145 1986; x_wconf 90' lang='lat' dir='ltr'><strong>cantus</strong></span> <span class='ocrx_word' id='word_1_104' title='bbox 1174 1916 1638 2011; x_wconf 88' lang='lat' dir='ltr'><strong>pernoctantis</strong></span> <span class='ocrx_word' id='word_1_105' title='bbox 1664 1915 1953 2010; x_wconf 87' lang='lat' dir='ltr'><strong>parasiti.</strong></span> 
     </span>
     <span class='ocr_line' id='line_1_16' title="bbox 380 2023 1961 2119; baseline 0.003 -30"><span class='ocrx_word' id='word_1_106' title='bbox 380 2023 675 2092; x_wconf 85' lang='lat' dir='ltr'><strong>Maxima</strong></span> <span class='ocrx_word' id='word_1_107' title='bbox 706 2024 990 2094; x_wconf 90' lang='lat' dir='ltr'><strong>debetur</strong></span> <span class='ocrx_word' id='word_1_108' title='bbox 1019 2049 1233 2119; x_wconf 89' lang='lat' dir='ltr'><strong>puero</strong></span> <span class='ocrx_word' id='word_1_109' title='bbox 1262 2025 1672 2094; x_wconf 87' lang='lat' dir='ltr'><strong>reverentia:</strong></span> <span class='ocrx_word' id='word_1_110' title='bbox 1713 2025 1767 2093; x_wconf 90' lang='lat' dir='ltr'><strong>si</strong></span> <span class='ocrx_word' id='word_1_111' title='bbox 1793 2024 1961 2119; x_wconf 91' lang='lat' dir='ltr'><strong>quid</strong></span> 
     </span>
     <span class='ocr_line' id='line_1_17' title="bbox 382 2133 2060 2226; baseline 0.001 -27"><span class='ocrx_word' id='word_1_112' title='bbox 382 2133 609 2226; x_wconf 90' lang='lat' dir='ltr'><strong>Turpe</strong></span> <span class='ocrx_word' id='word_1_113' title='bbox 635 2156 859 2226; x_wconf 81' lang='lat' dir='ltr'><strong>paras,</strong></span> <span class='ocrx_word' id='word_1_114' title='bbox 894 2157 981 2202; x_wconf 89' lang='lat' dir='ltr'><strong>ne</strong></span> <span class='ocrx_word' id='word_1_115' title='bbox 1010 2147 1085 2201; x_wconf 91' lang='lat' dir='ltr'><strong>tu</strong></span> <span class='ocrx_word' id='word_1_116' title='bbox 1110 2134 1306 2226; x_wconf 88' lang='lat' dir='ltr'><strong>pueri</strong></span> <span class='ocrx_word' id='word_1_117' title='bbox 1337 2133 1780 2202; x_wconf 85' lang='lat' dir='ltr'><strong>contemseris</strong></span> <span class='ocrx_word' id='word_1_118' title='bbox 1806 2155 2060 2201; x_wconf 87' lang='lat' dir='ltr'><strong>annos:</strong></span> 
     </span>
     <span class='ocr_line' id='line_1_18' title="bbox 382 2235 1776 2333; baseline 0.003 -26"><span class='ocrx_word' id='word_1_119' title='bbox 382 2239 513 2307; x_wconf 85' lang='lat' dir='ltr'><strong>Sed</strong></span> <span class='ocrx_word' id='word_1_120' title='bbox 539 2256 901 2333; x_wconf 86' lang='lat' dir='ltr'><strong>peccaturo</strong></span> <span class='ocrx_word' id='word_1_121' title='bbox 935 2243 1154 2310; x_wconf 86' lang='lat' dir='ltr'><strong>obstet</strong></span> <span class='ocrx_word' id='word_1_122' title='bbox 1177 2243 1301 2311; x_wconf 86' lang='lat' dir='ltr'><strong>tibi</strong></span> <span class='ocrx_word' id='word_1_123' title='bbox 1326 2235 1503 2310; x_wconf 81' lang='lat' dir='ltr'><strong>filius</strong></span> <span class='ocrx_word' id='word_1_124' title='bbox 1533 2241 1776 2311; x_wconf 86' lang='lat' dir='ltr'><strong>infans.</strong></span> 
     </span>
     <span class='ocr_line' id='line_1_19' title="bbox 380 2348 2528 2447; baseline 0 -27"><span class='ocrx_word' id='word_1_125' title='bbox 380 2351 557 2420; x_wconf 88' lang='lat' dir='ltr'><strong>Nam</strong></span> <span class='ocrx_word' id='word_1_126' title='bbox 584 2350 828 2446; x_wconf 87' lang='lat' dir='ltr'><strong>siquid</strong></span> <span class='ocrx_word' id='word_1_127' title='bbox 855 2350 1135 2447; x_wconf 89' lang='lat' dir='ltr'><strong>dignum</strong></span> <span class='ocrx_word' id='word_1_128' title='bbox 1166 2354 1483 2424; x_wconf 84' lang='lat' dir='ltr'><strong>Censoris</strong></span> <span class='ocrx_word' id='word_1_129' title='bbox 1510 2348 1754 2422; x_wconf 83' lang='lat' dir='ltr'><strong>fecerit</strong></span> <span class='ocrx_word' id='word_1_130' title='bbox 1781 2352 1881 2419; x_wconf 89' lang='lat' dir='ltr'><strong>ira</strong></span> <span class='ocrx_word' id='word_1_131' title='bbox 2462 2371 2528 2422; x_wconf 85' lang='lat'><strong>50</strong></span> 
     </span>
     <span class='ocr_line' id='line_1_20' title="bbox 379 2459 2258 2560; baseline -0.001 -30"><span class='ocrx_word' id='word_1_132' title='bbox 379 2459 833 2560; x_wconf 84' lang='lat' dir='ltr'><strong>Quandoque,</strong></span> <span class='ocrx_word' id='word_1_133' title='bbox 866 2477 937 2531; x_wconf 90' lang='lat' dir='ltr'><strong>et</strong></span> <span class='ocrx_word' id='word_1_134' title='bbox 962 2460 1247 2532; x_wconf 88' lang='lat' dir='ltr'><strong>similem</strong></span> <span class='ocrx_word' id='word_1_135' title='bbox 1270 2463 1390 2531; x_wconf 91' lang='lat' dir='ltr'><strong>tibi</strong></span> <span class='ocrx_word' id='word_1_136' title='bbox 1416 2487 1486 2531; x_wconf 89' lang='lat' dir='ltr'><strong>se</strong></span> <span class='ocrx_word' id='word_1_137' title='bbox 1513 2487 1655 2532; x_wconf 91' lang='lat' dir='ltr'><strong>non</strong></span> <span class='ocrx_word' id='word_1_138' title='bbox 1682 2483 1971 2553; x_wconf 90' lang='lat' dir='ltr'><strong>corpore</strong></span> <span class='ocrx_word' id='word_1_139' title='bbox 1996 2469 2258 2529; x_wconf 76' lang='lat' dir='ltr'><strong>tantur&#39;n</strong></span> 
     </span>
    </p>
   </div>
   <div class='ocr_carea' id='block_1_3' title="bbox 372 2715 2528 3080">
    <p class='ocr_par' dir='ltr' id='par_1_4' title="bbox 372 2715 2528 3080">
     <span class='ocr_line' id='line_1_21' title="bbox 375 2715 2528 2806; baseline 0.001 -20"><span class='ocrx_word' id='word_1_140' title='bbox 375 2729 535 2804; x_wconf 85' lang='lat' dir='ltr'><strong>apud</strong></span> <span class='ocrx_word' id='word_1_141' title='bbox 566 2747 676 2786; x_wconf 78' lang='lat' dir='ltr'><strong>nos</strong></span> <span class='ocrx_word' id='word_1_142' title='bbox 704 2715 983 2785; x_wconf 76' lang='lat' dir='ltr'><strong>momenti</strong></span> <span class='ocrx_word' id='word_1_143' title='bbox 1018 2739 1121 2786; x_wconf 88' lang='lat' dir='ltr'><strong>est.</strong></span> <span class='ocrx_word' id='word_1_144' title='bbox 1154 2730 1546 2803; x_wconf 86' lang='lat' dir='ltr'><strong>Reperientnr</strong></span> <span class='ocrx_word' id='word_1_145' title='bbox 1571 2731 1816 2787; x_wconf 78' lang='lat' dir='ltr'><strong>fortasse</strong></span> <span class='ocrx_word' id='word_1_146' title='bbox 1843 2727 2116 2786; x_wconf 85' lang='lat' dir='ltr'><strong>nonnulli</strong></span> <span class='ocrx_word' id='word_1_147' title='bbox 2141 2729 2243 2804; x_wconf 88' lang='lat' dir='ltr'><strong>qui</strong></span> <span class='ocrx_word' id='word_1_148' title='bbox 2269 2734 2528 2806; x_wconf 82' lang='lat' dir='ltr'><strong>exempla</strong></span> 
     </span>
     <span class='ocr_line' id='line_1_22' title="bbox 374 2821 2528 2898; baseline 0 -19"><span class='ocrx_word' id='word_1_149' title='bbox 374 2821 663 2896; x_wconf 84' lang='lat' dir='ltr'><strong>ejusmodi</strong></span> <span class='ocrx_word' id='word_1_150' title='bbox 694 2831 1062 2894; x_wconf 82' lang='lat' dir='ltr'><strong>aversentur,</strong></span> <span class='ocrx_word' id='word_1_151' title='bbox 1107 2823 1318 2897; x_wconf 85' lang='lat' dir='ltr'><strong>quibus</strong></span> <span class='ocrx_word' id='word_1_152' title='bbox 1338 2865 1356 2893; x_wconf 92' lang='lat'><strong>,</strong></span> <span class='ocrx_word' id='word_1_153' title='bbox 1387 2821 1644 2898; x_wconf 85' lang='lat' dir='ltr'><strong>benigne</strong></span> <span class='ocrx_word' id='word_1_154' title='bbox 1678 2821 1860 2877; x_wconf 85' lang='lat' dir='ltr'><strong>solers</strong></span> <span class='ocrx_word' id='word_1_155' title='bbox 1877 2863 1894 2891; x_wconf 94' lang='lat'><strong>,</strong></span> <span class='ocrx_word' id='word_1_156' title='bbox 1931 2821 2311 2898; x_wconf 82' lang='lat' dir='ltr'><strong>Prometheus</strong></span> <span class='ocrx_word' id='word_1_157' title='bbox 2351 2823 2528 2880; x_wconf 83' lang='lat' dir='ltr'><strong>corda</strong></span> 
     </span>
     <span class='ocr_line' id='line_1_23' title="bbox 372 2909 2526 2989; baseline 0.001 -21"><span class='ocrx_word' id='word_1_158' title='bbox 372 2911 655 2970; x_wconf 84' lang='lat' dir='ltr'><strong>nobiliori</strong></span> <span class='ocrx_word' id='word_1_159' title='bbox 683 2913 809 2970; x_wconf 86' lang='lat' dir='ltr'><strong>luto</strong></span> <span class='ocrx_word' id='word_1_160' title='bbox 844 2909 1108 2986; x_wconf 80' lang='lat' dir='ltr'><strong>finxerit3</strong></span> <span class='ocrx_word' id='word_1_161' title='bbox 1145 2924 1365 2970; x_wconf 88' lang='lat' dir='ltr'><strong>ceteros</strong></span> <span class='ocrx_word' id='word_1_162' title='bbox 1392 2913 1630 2989; x_wconf 76' lang='lat' dir='ltr'><strong>vestigia</strong></span> <span class='ocrx_word' id='word_1_163' title='bbox 1666 2914 1948 2969; x_wconf 85' lang='lat' dir='ltr'><strong>scelerum</strong></span> <span class='ocrx_word' id='word_1_164' title='bbox 1981 2932 2017 2969; x_wconf 80' lang='lat' dir='ltr'><strong>a</strong></span> <span class='ocrx_word' id='word_1_165' title='bbox 2045 2912 2384 2988; x_wconf 85' lang='lat' dir='ltr'><strong>parentibus</strong></span> <span class='ocrx_word' id='word_1_166' title='bbox 2413 2913 2526 2971; x_wconf 85' lang='lat' dir='ltr'><strong>im·-</strong></span> 
     </span>
     <span class='ocr_line' id='line_1_24' title="bbox 372 3001 2522 3080; baseline 0.001 -20"><span class='ocrx_word' id='word_1_167' title='bbox 372 3021 574 3078; x_wconf 63' lang='lat' dir='ltr'><strong>pressa⁸</strong></span> <span class='ocrx_word' id='word_1_168' title='bbox 586 3003 913 3075; x_wconf 84' lang='lat' dir='ltr'><strong>abducunt,</strong></span> <span class='ocrx_word' id='word_1_169' title='bbox 942 3017 1003 3062; x_wconf 91' lang='lat' dir='ltr'><strong>et</strong></span> <span class='ocrx_word' id='word_1_170' title='bbox 1019 3004 1173 3062; x_wconf 83' lang='lat' dir='ltr'><strong>viam</strong></span> <span class='ocrx_word' id='word_1_171' title='bbox 1194 3003 1457 3063; x_wconf 88' lang='lat' dir='ltr'><strong>diuturni</strong></span> <span class='ocrx_word' id='word_1_172' title='bbox 1479 3001 1736 3063; x_wconf 87' lang='lat' dir='ltr'><strong>criminis</strong></span> <span class='ocrx_word' id='word_1_173' title='bbox 1757 3003 1950 3062; x_wconf 87' lang='lat' dir='ltr'><strong>orbita</strong></span> <span class='ocrx_word' id='word_1_174' title='bbox 1976 3003 2207 3080; x_wconf 85' lang='lat' dir='ltr'><strong>pridem</strong></span> <span class='ocrx_word' id='word_1_175' title='bbox 2229 3017 2522 3063; x_wconf 79' lang='lat' dir='ltr'><strong>monstra-</strong></span> 
     </span>
    </p>
   </div>
   <div class='ocr_carea' id='block_1_4' title="bbox 374 3097 2524 3265">
    <p class='ocr_par' dir='ltr' id='par_1_5' title="bbox 374 3097 2524 3265">
     <span class='ocr_line' id='line_1_25' title="bbox 374 3097 1712 3172; baseline 0.001 -21"><span class='ocrx_word' id='word_1_176' title='bbox 374 3106 495 3152; x_wconf 83' lang='lat' dir='ltr'><strong>tam</strong></span> <span class='ocrx_word' id='word_1_177' title='bbox 518 3097 747 3172; x_wconf 83' lang='lat' dir='ltr'><strong>abrepti</strong></span> <span class='ocrx_word' id='word_1_178' title='bbox 779 3107 995 3154; x_wconf 88' lang='lat' dir='ltr'><strong>terunt.</strong></span> <span class='ocrx_word' id='word_1_179' title='bbox 1706 3163 1712 3168; x_wconf 40' lang='grc'><em>,</em></span> 
     </span>
     <span class='ocr_line' id='line_1_26' title="bbox 456 3185 2524 3265; baseline 0.001 -22"><span class='ocrx_word' id='word_1_180' title='bbox 456 3186 551 3244; x_wconf 79' lang='grc'><strong>38.</strong></span> <span class='ocrx_word' id='word_1_181' title='bbox 580 3189 791 3265; x_wconf 84' lang='lat' dir='ltr'><strong>Fugias</strong></span> <span class='ocrx_word' id='word_1_182' title='bbox 803 3189 984 3262; x_wconf 87' lang='lat' dir='ltr'><strong>igitur</strong></span> <span class='ocrx_word' id='word_1_183' title='bbox 1001 3207 1129 3264; x_wconf 84' lang='lat' dir='ltr'><strong>quae</strong></span> <span class='ocrx_word' id='word_1_184' title='bbox 1144 3197 1281 3245; x_wconf 87' lang='lat' dir='ltr'><strong>sunt</strong></span> <span class='ocrx_word' id='word_1_185' title='bbox 1302 3185 1655 3259; x_wconf 78' lang='lat' dir='ltr'><strong>damnanda3</strong></span> <span class='ocrx_word' id='word_1_186' title='bbox 1673 3187 1748 3244; x_wconf 84' lang='lat' dir='ltr'><strong>ad</strong></span> <span class='ocrx_word' id='word_1_187' title='bbox 1765 3187 1880 3244; x_wconf 86' lang='lat' dir='ltr'><strong>hoc</strong></span> <span class='ocrx_word' id='word_1_188' title='bbox 1893 3187 2048 3246; x_wconf 87' lang='lat' dir='ltr'><strong>enim</strong></span> <span class='ocrx_word' id='word_1_189' title='bbox 2067 3186 2392 3245; x_wconf 75' lang='lat' dir='ltr'><strong>faciendum</strong></span> <span class='ocrx_word' id='word_1_190' title='bbox 2409 3209 2524 3246; x_wconf 88' lang='lat' dir='ltr'><strong>una</strong></span> 
     </span>
    </p>
   </div>
   <div class='ocr_carea' id='block_1_5' title="bbox 370 3277 2528 4194">
    <p class='ocr_par' dir='ltr' id='par_1_6' title="bbox 370 3277 2528 4194">
     <span class='ocr_line' id='line_1_27' title="bbox 374 3277 2526 3358; baseline 0.001 -22"><span class='ocrx_word' id='word_1_191' title='bbox 374 3299 565 3336; x_wconf 78' lang='lat' dir='ltr'><strong>caussa</strong></span> <span class='ocrx_word' id='word_1_192' title='bbox 600 3282 794 3337; x_wconf 77' lang='lat' dir='ltr'><strong>valere</strong></span> <span class='ocrx_word' id='word_1_193' title='bbox 830 3281 1037 3352; x_wconf 86' lang='lat' dir='ltr'><strong>debet,</strong></span> <span class='ocrx_word' id='word_1_194' title='bbox 1076 3298 1151 3337; x_wconf 88' lang='lat' dir='ltr'><strong>ne</strong></span> <span class='ocrx_word' id='word_1_195' title='bbox 1187 3289 1389 3336; x_wconf 87' lang='lat' dir='ltr'><strong>nostra</strong></span> <span class='ocrx_word' id='word_1_196' title='bbox 1412 3277 1633 3355; x_wconf 80' lang='lat' dir='ltr'><strong>flagitia</strong></span> <span class='ocrx_word' id='word_1_197' title='bbox 1660 3280 1965 3338; x_wconf 81' lang='lat' dir='ltr'><strong>imitentur</strong></span> <span class='ocrx_word' id='word_1_198' title='bbox 1994 3299 2066 3338; x_wconf 84' lang='lat' dir='ltr'><strong>ex</strong></span> <span class='ocrx_word' id='word_1_199' title='bbox 2099 3280 2270 3336; x_wconf 87' lang='lat' dir='ltr'><strong>nobis</strong></span> <span class='ocrx_word' id='word_1_200' title='bbox 2303 3283 2483 3358; x_wconf 78' lang='lat' dir='ltr'><strong>geniti</strong></span> <span class='ocrx_word' id='word_1_201' title='bbox 2509 3305 2526 3339; x_wconf 74' lang='grc' dir='ltr'>ε</span> 
     </span>
     <span class='ocr_line' id='line_1_28' title="bbox 372 3373 2528 3451; baseline 0 -22"><span class='ocrx_word' id='word_1_202' title='bbox 372 3375 422 3430; x_wconf 87' lang='lat' dir='ltr'><strong>si</strong></span> <span class='ocrx_word' id='word_1_203' title='bbox 450 3373 687 3449; x_wconf 87' lang='lat' dir='ltr'><strong>quidem</strong></span> <span class='ocrx_word' id='word_1_204' title='bbox 711 3375 791 3431; x_wconf 75' lang='lat' dir='ltr'><strong>ita</strong></span> <span class='ocrx_word' id='word_1_205' title='bbox 814 3374 935 3431; x_wconf 88' lang='lat' dir='ltr'><strong>nati</strong></span> <span class='ocrx_word' id='word_1_206' title='bbox 964 3391 1160 3435; x_wconf 86' lang='lat' dir='ltr'><strong>sumus</strong></span> <span class='ocrx_word' id='word_1_207' title='bbox 1184 3391 1413 3444; x_wconf 84' lang='lat' dir='ltr'><strong>omnes,</strong></span> <span class='ocrx_word' id='word_1_208' title='bbox 1444 3384 1514 3429; x_wconf 91' lang='lat' dir='ltr'><strong>ut</strong></span> <span class='ocrx_word' id='word_1_209' title='bbox 1536 3385 1741 3449; x_wconf 86' lang='lat' dir='ltr'><strong>sponte</strong></span> <span class='ocrx_word' id='word_1_210' title='bbox 1765 3386 1934 3451; x_wconf 84' lang='lat' dir='ltr'><strong>turpe</strong></span> <span class='ocrx_word' id='word_1_211' title='bbox 1957 3395 2024 3432; x_wconf 90' lang='lat' dir='ltr'><strong>ac</strong></span> <span class='ocrx_word' id='word_1_212' title='bbox 2045 3393 2288 3450; x_wconf 77' lang='lat' dir='ltr'><strong>pravum</strong></span> <span class='ocrx_word' id='word_1_213' title='bbox 2313 3375 2528 3450; x_wconf 85' lang='lat' dir='ltr'><strong>quidli-</strong></span> 
     </span>
     <span class='ocr_line' id='line_1_29' title="bbox 370 3463 2522 3542; baseline 0.002 -23"><span class='ocrx_word' id='word_1_214' title='bbox 370 3463 475 3520; x_wconf 85' lang='lat' dir='ltr'><strong>bet</strong></span> <span class='ocrx_word' id='word_1_215' title='bbox 498 3465 813 3537; x_wconf 84' lang='lat' dir='ltr'><strong>imitemur,</strong></span> <span class='ocrx_word' id='word_1_216' title='bbox 837 3479 897 3525; x_wconf 92' lang='lat' dir='ltr'><strong>et</strong></span> <span class='ocrx_word' id='word_1_217' title='bbox 919 3464 1191 3524; x_wconf 82' lang='lat' dir='ltr'><strong>Catilinas</strong></span> <span class='ocrx_word' id='word_1_218' title='bbox 1211 3464 1433 3540; x_wconf 84' lang='lat' dir='ltr'><strong>ubique</strong></span> <span class='ocrx_word' id='word_1_219' title='bbox 1458 3467 1719 3541; x_wconf 80' lang='lat' dir='ltr'><strong>gentium</strong></span> <span class='ocrx_word' id='word_1_220' title='bbox 1743 3477 1802 3524; x_wconf 91' lang='lat' dir='ltr'><strong>et</strong></span> <span class='ocrx_word' id='word_1_221' title='bbox 1827 3479 2116 3525; x_wconf 88' lang='lat' dir='ltr'><strong>terrarum</strong></span> <span class='ocrx_word' id='word_1_222' title='bbox 2138 3465 2396 3542; x_wconf 86' lang='lat' dir='ltr'><strong>reperire</strong></span> <span class='ocrx_word' id='word_1_223' title='bbox 2413 3467 2488 3523; x_wconf 88' lang='lat' dir='ltr'><strong>sit</strong></span> <span class='ocrx_word' id='word_1_224' title='bbox 2503 3511 2522 3540; x_wconf 90' lang='lat'><strong>,</strong></span> 
     </span>
     <span class='ocr_line' id='line_1_30' title="bbox 372 3556 2524 3636; baseline 0.003 -26"><span class='ocrx_word' id='word_1_225' title='bbox 372 3556 587 3612; x_wconf 82' lang='lat' dir='ltr'><strong>Brutos</strong></span> <span class='ocrx_word' id='word_1_226' title='bbox 605 3568 663 3614; x_wconf 90' lang='lat' dir='ltr'><strong>et</strong></span> <span class='ocrx_word' id='word_1_227' title='bbox 690 3559 966 3630; x_wconf 73' lang='lat' dir='ltr'><strong>CatoneS,</strong></span> <span class='ocrx_word' id='word_1_228' title='bbox 989 3575 1293 3634; x_wconf 87' lang='lat' dir='ltr'><strong>nusquam.</strong></span> <span class='ocrx_word' id='word_1_229' title='bbox 1317 3559 1388 3628; x_wconf 83' lang='lat' dir='ltr'><strong>In</strong></span> <span class='ocrx_word' id='word_1_230' title='bbox 1407 3577 1472 3614; x_wconf 87' lang='lat' dir='ltr'><strong>ea</strong></span> <span class='ocrx_word' id='word_1_231' title='bbox 1488 3558 1696 3630; x_wconf 87' lang='lat' dir='ltr'><strong>domo,</strong></span> <span class='ocrx_word' id='word_1_232' title='bbox 1724 3559 1788 3616; x_wconf 84' lang='lat' dir='ltr'><strong>in</strong></span> <span class='ocrx_word' id='word_1_233' title='bbox 1804 3579 1916 3636; x_wconf 88' lang='lat' dir='ltr'><strong>qua</strong></span> <span class='ocrx_word' id='word_1_234' title='bbox 1933 3579 2084 3636; x_wconf 86' lang='lat' dir='ltr'><strong>puer</strong></span> <span class='ocrx_word' id='word_1_235' title='bbox 2099 3559 2305 3634; x_wconf 82' lang='lat' dir='ltr'><strong>aliquis</strong></span> <span class='ocrx_word' id='word_1_236' title='bbox 2323 3577 2524 3616; x_wconf 83' lang='lat' dir='ltr'><strong>versa-</strong></span> 
     </span>
     <span class='ocr_line' id='line_1_31' title="bbox 373 3647 2526 3724; baseline 0.004 -22"><span class='ocrx_word' id='word_1_237' title='bbox 373 3655 499 3717; x_wconf 86' lang='lat' dir='ltr'><strong>tur,</strong></span> <span class='ocrx_word' id='word_1_238' title='bbox 543 3647 691 3704; x_wconf 87' lang='lat' dir='ltr'><strong>nihil</strong></span> <span class='ocrx_word' id='word_1_239' title='bbox 726 3649 1023 3722; x_wconf 87' lang='lat' dir='ltr'><strong>audiatur,</strong></span> <span class='ocrx_word' id='word_1_240' title='bbox 1054 3649 1202 3706; x_wconf 81' lang='lat' dir='ltr'><strong>nihil</strong></span> <span class='ocrx_word' id='word_1_241' title='bbox 1232 3649 1586 3724; x_wconf 81' lang='lat' dir='ltr'><strong>adspiciamr</strong></span> <span class='ocrx_word' id='word_1_242' title='bbox 1615 3652 1974 3709; x_wconf 74' lang='lat' dir='ltr'><strong>obscoenum.</strong></span> <span class='ocrx_word' id='word_1_243' title='bbox 2023 3652 2236 3709; x_wconf 88' lang='lat' dir='ltr'><strong>Procul</strong></span> <span class='ocrx_word' id='word_1_244' title='bbox 2267 3651 2430 3708; x_wconf 87' lang='lat' dir='ltr'><strong>illinc</strong></span> <span class='ocrx_word' id='word_1_245' title='bbox 2466 3665 2526 3711; x_wconf 90' lang='lat' dir='ltr'><strong>et</strong></span> 
     </span>
     <span class='ocr_line' id='line_1_32' title="bbox 371 3738 2524 3822; baseline 0.005 -29"><span class='ocrx_word' id='word_1_246' title='bbox 371 3738 541 3794; x_wconf 85' lang='lat' dir='ltr'><strong>istinc</strong></span> <span class='ocrx_word' id='word_1_247' title='bbox 565 3755 973 3799; x_wconf 80' lang='lat' dir='ltr'><strong>removeantur</strong></span> <span class='ocrx_word' id='word_1_248' title='bbox 998 3743 1330 3800; x_wconf 85' lang='lat' dir='ltr'><strong>meretrices</strong></span> <span class='ocrx_word' id='word_1_249' title='bbox 1353 3752 1413 3799; x_wconf 90' lang='lat' dir='ltr'><strong>et</strong></span> <span class='ocrx_word' id='word_1_250' title='bbox 1440 3754 1639 3802; x_wconf 85' lang='lat' dir='ltr'><strong>cantus</strong></span> <span class='ocrx_word' id='word_1_251' title='bbox 1671 3747 2058 3822; x_wconf 80' lang='lat' dir='ltr'><strong>parasitorum</strong></span> <span class='ocrx_word' id='word_1_252' title='bbox 2083 3754 2270 3800; x_wconf 87' lang='lat' dir='ltr'><strong>totam</strong></span> <span class='ocrx_word' id='word_1_253' title='bbox 2291 3755 2524 3803; x_wconf 86' lang='lat' dir='ltr'><strong>noctem</strong></span> 
     </span>
     <span class='ocr_line' id='line_1_33' title="bbox 372 3833 2524 3914; baseline 0.004 -28"><span class='ocrx_word' id='word_1_254' title='bbox 372 3833 746 3890; x_wconf 83' lang='lat' dir='ltr'><strong>comessando</strong></span> <span class='ocrx_word' id='word_1_255' title='bbox 782 3835 1227 3893; x_wconf 85' lang='lat' dir='ltr'><strong>traducentium.</strong></span> <span class='ocrx_word' id='word_1_256' title='bbox 1273 3833 1556 3893; x_wconf 83' lang='lat' dir='ltr'><strong>Habenda</strong></span> <span class='ocrx_word' id='word_1_257' title='bbox 1597 3847 1686 3893; x_wconf 83' lang='lat' dir='ltr'><strong>est</strong></span> <span class='ocrx_word' id='word_1_258' title='bbox 1717 3855 2029 3914; x_wconf 79' lang='lat' dir='ltr'><strong>permagna</strong></span> <span class='ocrx_word' id='word_1_259' title='bbox 2063 3835 2306 3912; x_wconf 84' lang='lat' dir='ltr'><strong>puerilis</strong></span> <span class='ocrx_word' id='word_1_260' title='bbox 2344 3837 2524 3894; x_wconf 82' lang='lat' dir='ltr'><strong>aetatis</strong></span> 
     </span>
     <span class='ocr_line' id='line_1_34' title="bbox 374 3921 2520 4006; baseline 0.004 -28"><span class='ocrx_word' id='word_1_261' title='bbox 374 3921 529 3978; x_wconf 83' lang='lat' dir='ltr'><strong>ratio</strong></span> <span class='ocrx_word' id='word_1_262' title='bbox 545 3964 562 3994; x_wconf 91' lang='lat'><strong>,</strong></span> <span class='ocrx_word' id='word_1_263' title='bbox 593 3935 651 3980; x_wconf 88' lang='lat' dir='ltr'><strong>et</strong></span> <span class='ocrx_word' id='word_1_264' title='bbox 672 3925 832 4002; x_wconf 81' lang='lat' dir='ltr'><strong>quasi</strong></span> <span class='ocrx_word' id='word_1_265' title='bbox 860 3926 1218 3997; x_wconf 81' lang='lat' dir='ltr'><strong>reverentia3</strong></span> <span class='ocrx_word' id='word_1_266' title='bbox 1253 3937 1467 4003; x_wconf 89' lang='lat' dir='ltr'><strong>tuque,</strong></span> <span class='ocrx_word' id='word_1_267' title='bbox 1501 3929 1552 3984; x_wconf 85' lang='lat' dir='ltr'><strong>si</strong></span> <span class='ocrx_word' id='word_1_268' title='bbox 1580 3929 1725 4004; x_wconf 83' lang='lat' dir='ltr'><strong>quid</strong></span> <span class='ocrx_word' id='word_1_269' title='bbox 1750 3927 2020 4005; x_wconf 85' lang='lat' dir='ltr'><strong>improbe</strong></span> <span class='ocrx_word' id='word_1_270' title='bbox 2047 3929 2236 3987; x_wconf 82' lang='lat' dir='ltr'><strong>facere</strong></span> <span class='ocrx_word' id='word_1_271' title='bbox 2271 3930 2520 4006; x_wconf 84' lang='lat' dir='ltr'><strong>cogitas,</strong></span> 
     </span>
     <span class='ocr_line' id='line_1_35' title="bbox 370 4012 2521 4100; baseline 0.004 -30"><span class='ocrx_word' id='word_1_272' title='bbox 370 4012 497 4070; x_wconf 87' lang='lat' dir='ltr'><strong>noli</strong></span> <span class='ocrx_word' id='word_1_273' title='bbox 522 4024 779 4072; x_wconf 80' lang='lat' dir='ltr'><strong>teneram</strong></span> <span class='ocrx_word' id='word_1_274' title='bbox 806 4017 976 4092; x_wconf 86' lang='lat' dir='ltr'><strong>pueri</strong></span> <span class='ocrx_word' id='word_1_275' title='bbox 1005 4029 1228 4075; x_wconf 75' lang='lat' dir='ltr'><strong>aetatem</strong></span> <span class='ocrx_word' id='word_1_276' title='bbox 1256 4027 1555 4093; x_wconf 77' lang='lat' dir='ltr'><strong>spe‘rnere3</strong></span> <span class='ocrx_word' id='word_1_277' title='bbox 1591 4023 1772 4080; x_wconf 89' lang='lat' dir='ltr'><strong>immo</strong></span> <span class='ocrx_word' id='word_1_278' title='bbox 1800 4034 2172 4100; x_wconf 82' lang='lat' dir='ltr'><strong>peccaturum</strong></span> <span class='ocrx_word' id='word_1_279' title='bbox 2198 4035 2256 4082; x_wconf 89' lang='lat' dir='ltr'><strong>te</strong></span> <span class='ocrx_word' id='word_1_280' title='bbox 2277 4024 2521 4081; x_wconf 61' lang='lat' dir='ltr'><strong>retineat</strong></span> 
     </span>
     <span class='ocr_line' id='line_1_36' title="bbox 374 4105 2522 4194; baseline 0.003 -28"><span class='ocrx_word' id='word_1_281' title='bbox 374 4105 624 4178; x_wconf 75' lang='lat' dir='ltr'><strong>pueritia</strong></span> <span class='ocrx_word' id='word_1_282' title='bbox 652 4105 777 4168; x_wconf 79' lang='lat' dir='ltr'><strong>filii.</strong></span> <span class='ocrx_word' id='word_1_283' title='bbox 806 4108 871 4168; x_wconf 87' lang='lat' dir='ltr'><strong>Si</strong></span> <span class='ocrx_word' id='word_1_284' title='bbox 898 4109 1053 4168; x_wconf 87' lang='lat' dir='ltr'><strong>enim</strong></span> <span class='ocrx_word' id='word_1_285' title='bbox 1082 4109 1394 4187; x_wconf 73' lang='lat' dir='ltr'><strong>aliquando</strong></span> <span class='ocrx_word' id='word_1_286' title='bbox 1424 4109 1521 4173; x_wconf 88' lang='lat' dir='ltr'><strong>ille</strong></span> <span class='ocrx_word' id='word_1_287' title='bbox 1556 4113 1852 4176; x_wconf 82' lang='lat' dir='ltr'><strong>admiserit</strong></span> <span class='ocrx_word' id='word_1_288' title='bbox 1883 4115 2184 4194; x_wconf 87' lang='lat' dir='ltr'><strong>quidpiam</strong></span> <span class='ocrx_word' id='word_1_289' title='bbox 2215 4138 2250 4174; x_wconf 84' lang='lat' dir='ltr'><strong>a</strong></span> <span class='ocrx_word' id='word_1_290' title='bbox 2281 4132 2522 4174; x_wconf 83' lang='lat' dir='ltr'><strong>censore</strong></span> 
     </span>
    </p>
   </div>
  </div>
 </body>
</html>
