3050 4884
470 333 509 394 6
1020 334 1103 396 D.
1162 332 1438 396 JUNII
1498 331 2066 394 JUVENALIS

468 448 717 514 Servus
748 448 878 514 erit
908 447 1132 516 minus
1168 445 1279 516 ille
1315 447 1555 528 miser,
1587 446 1702 539 qui
1734 444 1988 514 foderit
2015 469 2288 539 agrum,
2548 453 2615 516 4⁵
2669 449 2676 460 ⁹

469 558 689 644 Quam
732 556 1110 626 dominum!
1147 557 1281 628 Sed
1312 573 1386 626 tu
1420 581 1577 626 sane
1619 572 1930 627 tenerum
1961 572 2029 625 et
2059 581 2347 652 puerum
2382 570 2482 641 te,

469 671 559 737 Et
592 668 994 763 pulchrum,
1026 684 1093 736 et
1126 668 1407 762 dignum
1444 668 1692 764 cyatho
1728 667 2028 763 caeloque
2063 668 2362 762 putabaS.

466 781 609 848 Vos
638 779 875 850 humili
909 779 1226 865 adseclae,
1260 803 1377 848 vos
1410 777 1840 871 indulgebitis
1871 802 2192 872 umquam

470 889 767 972 Cultor-i,
795 889 933 983 jam
964 914 1096 958 uec
1124 890 1363 958 morbo
1397 888 1651 957 donare
1685 887 1940 981 parati?

470 999 577 1065 Eu
606 999 715 1066 cui
750 1012 821 1066 tu
855 998 1143 1067 viridem
1178 997 1538 1066 umbellam
1559 1049 1578 1081 ‚
1611 998 1719 1066 cui
1753 999 2025 1066 succina
2056 996 2282 1064 mittas
2550 1006 2620 1060 ὄσ

470 1105 805 1189 Grandia,
839 1106 1077 1175 natalis
1112 1107 1378 1201 quoties
1413 1106 1626 1193 redit,
1666 1123 1784 1176 aut
1815 1106 2166 1174 madidum
2204 1129 2324 1173 ver

470 1216 771 1309 Incipit-5
789 1232 859 1285 et
891 1232 1102 1286 strata
1132 1218 1393 1311 positus
1422 1215 1756 1311 longaque
1791 1216 2111 1286 cathedra

472 1327 765 1393 Munera
793 1325 1107 1394 femineis
1141 1341 1386 1394 tractat
1411 1341 1670 1395 secreta
1701 1323 2047 1398 Calendis!

568 1435 734 1520 Die,
770 1459 1033 1528 passer,
1067 1435 1173 1502 cui
1206 1449 1306 1503 tot
1336 1451 1644 1521 montes,
1677 1452 1779 1504 tot
1811 1435 2062 1531 praedia
2092 1457 2315 1502 servas

480 1544 775 1638 Appula,
812 1559 913 1612 tot
940 1543 1180 1612 milvos
1214 1545 1391 1612 intra
1422 1561 1540 1614 tua
1568 1570 1814 1640 pascua
1846 1543 2093 1614 lassos?
2553 1551 2620 1614 55

472 1656 568 1721 Te
596 1652 965 1722 Trifolinus
998 1677 1161 1748 ager
1194 1653 1501 1722 fecundis
1533 1655 1782 1723 vitibus
1814 1654 2082 1748 implet,

472 1766 1013 1857 suspectumque
1041 1763 1284 1856 jugum
1318 1764 1589 1846 Cumis,
1619 1779 1687 1830 et
1717 1765 1986 1831 Gaurus
2019 1763 2257 1852 inanis,

476 1873 649 1942 Nam
682 1873 832 1966 quis
857 1872 1055 1967 plura
1086 1871 1236 1942 linit
1268 1874 1536 1941 victuro
1563 1871 1742 1941 dolia
1772 1870 2040 1940 musto?

474 1982 824 2068 Quantum
854 1997 999 2050 erat
1027 1981 1328 2050 exhausti
1362 1980 1626 2050 lumbos
1657 1981 1910 2049 donare
1939 1979 2202 2049 clientis

475 2094 513 2159 J
518 2092 837 2185 ugeribus
867 2091 1137 2187 paucis?
1162 2092 1485 2168 meliusne
1514 2092 1627 2162 hic
1661 2093 1947 2160 rusticus
1979 2091 2200 2159 infans
2218 2083 2252 2177 ,'
2555 2106 2624 2158 60

477 2205 650 2272 Cum
683 2217 931 2290 matre,
962 2219 1029 2271 et
1062 2202 1303 2272 casulis
1321 2255 1340 2287 ,
1368 2216 1439 2271 et
1471 2201 1804 2271 collusore
1835 2200 2111 2288 catello,

474 2409 577 2483 qui
608 2407 909 2468 dominum
943 2406 1194 2462 foderit!
1226 2407 1347 2474 Tu,
1381 2405 1624 2474 scilicet,
1667 2417 1724 2463 te
1757 2407 2099 2477 delicatum,
2131 2405 2192 2462 te
2214 2403 2590 2478 juvenculum
2609 2443 2627 2472 ‚

474 2509 534 2555 et
554 2499 890 2572 pulchrum,
918 2508 975 2553 et
996 2499 1242 2553 alterum
1272 2498 1667 2574 Ganymedem
1697 2500 1836 2554 caelo
1855 2510 1914 2555 et
1931 2517 2138 2554 mensae
2165 2497 2410 2554 deorum
2433 2493 2634 2550 minis-

479 2589 632 2646 terio
654 2589 895 2666 dignum
920 2591 1177 2664 putabas.
1202 2590 1363 2659 Quid
1382 2609 1540 2646 nunc
1562 2590 1794 2661 mirum,
1823 2608 1949 2659 vos,
1973 2589 2182 2645 divites
2200 2588 2387 2654 avari,
2413 2587 2630 2640 nullam

478 2699 647 2755 opem
670 2681 823 2737 ferre
850 2681 1043 2738 clienti
1066 2691 1124 2736 et
1136 2682 1359 2737 asseclae
1378 2701 1595 2758 egeno,
1621 2703 1798 2758 quum
1820 2700 1895 2738 ne
1919 2683 2016 2737 ille
2037 2680 2268 2755 quidem
2301 2679 2403 2753 qui
2425 2688 2632 2734 vestrae

474 2771 737 2830 libidinis
782 2773 993 2829 morbo
1030 2772 1302 2843 inservit,
1350 2773 1670 2848 quidquam
1715 2776 1984 2830 obtinere
2023 2773 2234 2847 queat?
2274 2773 2362 2828 En
2404 2771 2632 2827 formo·

479 2865 668 2920 sulum
710 2865 870 2920 illum
891 2905 907 2934 ‚
943 2863 1036 2920 eui
1067 2882 1100 2919 a
1132 2874 1189 2919 te
1222 2883 1458 2920 munera
1490 2865 1828 2932 mittantur,
1858 2863 2064 2920 viridis
2099 2863 2317 2920 scilicet
2347 2862 2634 2931 umbella,

478 2967 537 3012 et
563 2955 809 3031 grandes
839 2955 1077 3009 armillae
1101 2973 1169 3008 ex
1198 2955 1435 3010 succino
1464 2957 1656 3027 factae,
1686 2955 1914 3030 quoties
1940 2956 2062 3030 ejus
2089 2954 2292 3010 natalis
2321 2954 2503 3023 redit,
2534 2964 2641 3008 aut.

476 3049 671 3123 primo
696 3045 851 3102 veris
872 3045 1098 3101 humidi
1124 3046 1245 3115 die,
1281 3067 1459 3122 quum
1488 3047 1552 3104 in
1577 3051 1748 3124 longa
1781 3049 2054 3104 cathedra
2069 3089 2085 3118 ,
2113 3047 2402 3122 tapetibus
2424 3056 2482 3102 et
2505 3066 2636 3103 cer·—

479 3139 759 3197 vicalibus
804 3137 1059 3192 molliter
1103 3148 1393 3194 constrata
1434 3140 1750 3195 collocatus
1773 3181 1790 3209 ,
1843 3140 2210 3216 recognoscit
2253 3139 2637 3212 manibusque

482 3243 687 3288 tractat
721 3231 875 3286 dona
900 3229 1012 3285 sibi
1046 3239 1272 3286 'secreto
1298 3231 1467 3286 missa
1496 3231 1723 3287 Martiis
1755 3232 2035 3303 calendis,
2069 3251 2196 3306 quaa·
2227 3251 2260 3288 a
2293 3231 2642 3287 mulieribus.

484 3323 868 3380 celebrantur.

560 3421 657 3488 49.
701 3415 838 3484 Dic,
860 3414 1067 3469 lascive
1086 3433 1297 3486 passer,
1319 3414 1546 3470 cuinam
1565 3435 1818 3473 reservas
1843 3429 1932 3474 tot
1949 3430 2205 3486 montes,
2231 3427 2320 3472 tot
2339 3418 2402 3472 in
2426 3417 2638 3493 Apulia

486 3525 751 3580 campos»,
785 3517 845 3562 et
874 3506 1173 3562 latifundia
1206 3518 1315 3561 tam
1350 3507 1460 3562 late
1490 3507 1780 3584 longeque
1806 3510 2089 3584 patentia,
2121 3521 2190 3566 ut
2220 3511 2284 3564 in
2314 3509 2428 3564 illis
2453 3520 2646 3566 trans-

488 3596 753 3654 volandis
784 3598 891 3672 ipsi
924 3598 1087 3652 milvi
1116 3599 1544 3674 defatigemur?
1573 3612 1629 3656 te
1655 3621 1792 3676 ager
1814 3603 2135 3659 Trifolinus
2163 3598 2522 3658 feracissimis
2543 3601 2638 3655 vi-

482 3691 608 3748 neis
636 3689 984 3764 locupletem
1010 3691 1146 3746 facit
1160 3733 1177 3761 ,
1199 3692 1454 3765 itemque
1472 3705 1677 3750 vertex
1699 3694 1796 3750 ille
1821 3696 2018 3751 Cumis
2039 3696 2290 3768 desuper
2307 3694 2641 3765 imminens,

488 3797 549 3842 et
578 3788 805 3841 Gaurus
833 3784 1037 3842 inanis.
1073 3785 1218 3855 Quis
1252 3787 1399 3842 enim
1432 3788 1657 3860 plures,
1697 3807 1868 3862 quam
1905 3799 1999 3856 tu,
2031 3788 2154 3843 vini
2191 3790 2432 3862 longum
2469 3787 2644 3843 dura·

482 3878 605 3934 turi
634 3878 807 3952 cados
830 3877 1097 3934 recondit
1124 3891 1182 3934 et
1206 3879 1333 3954 pice
1356 3881 1630 3936 obturat?
1661 3881 1882 3950 Quanti
1909 3892 2100 3937 autem
2130 3879 2236 3934 tibi
2261 3878 2638 3950 constitisset,
2705 3942 2715 3952 ,

480 3972 531 4028 si
552 3971 889 4028 exhaustum
914 3972 1177 4029 obscaeno
1202 3975 1401 4030 labore
1430 3973 1699 4031 clientem
1722 3977 1917 4048 paucis
1947 3973 2074 4050 agri
2101 3973 2406 4049 jugeribus
2429 3974 2644 4038 donas-

478 4063 601 4121 ses?
622 4065 777 4122 Num
799 4074 965 4138 putas
976 4063 1183 4138 justius
1209 4075 1265 4122 te
1282 4066 1597 4137 facturum,
1618 4067 1780 4141 quod
1807 4079 1867 4124 et
1882 4067 2039 4123 hunc
2057 4064 2337 4124 rusticum
2359 4065 2648 4123 infantem-
