3050 4884
896 388 1280 493 'SATIRA
1324 389 1718 454 DECIMA
1765 393 2190 475 QUARTA.
2489 393 2615 462 313

568 499 837 571 Talibus
875 501 1235 572 instantem
1272 504 1546 574 monitis
1582 529 2052 604 quemcunque
2087 525 2432 604 parentem
2517 549 2617 584 210

476 612 589 682 Sic
626 639 893 708 possem
922 613 1117 684 affari
1148 639 1164 684 ε
1193 615 1358 704 Dic,
1385 641 1429 684 o
1460 616 1842 706 vanissime,
1880 617 2028 711 quis
2053 631 2120 688 te

474 725 821 794 Festinare
844 723 1079 820 jubet?
1106 724 1451 796 meliorem
1482 741 1726 821 praesto
1753 728 2070 822 magistro

470 833 936 929 Discipulum3
975 859 1249 905 securus
1281 837 1391 905 abi
1423 862 1441 906 :
1480 838 1811 925 vinceris,
1849 852 1926 906 ut
1957 839 2130 931 Ajax

471 944 803 1015 Praeteriit
834 943 1298 1034 Telamonem,
1335 959 1411 1014 ut
1434 945 1632 1015 Pelea
1663 947 1828 1016 vicit
1853 946 2172 1019 Achilles,

466 1053 890 1123 Parcendum
920 1055 1173 1125 teneris
1202 1080 1231 1130 ε,
1252 1055 1560 1142 nondum
1592 1054 1956 1151 implevere
1981 1054 2308 1128 medullas
2513 1071 2616 1126 215

464 1160 753 1233 Maturae
782 1164 959 1234 mala
988 1165 1305 1260 nequitiae
1346 1191 1364 1233 ε
1404 1191 1616 1261 quum
1647 1180 1920 1260 pectere
1949 1165 2228 1236 barbam

461 1275 794 1370 Coeperit,
828 1291 897 1345 et
927 1273 1113 1372 longi
1146 1299 1546 1346 mucronem
1583 1276 1940 1348 admittere
1975 1277 2207 1366 cultri,

460 1383 689 1454 Falsus
721 1386 851 1455 erit
880 1385 1094 1470 testiS‚
1123 1385 1373 1455 vendet
1398 1385 1701 1480 perjuria
1731 1411 1994 1458 summa

460 1493 758 1588 Exigua,
796 1509 867 1564 et
896 1494 1159 1564 Cereris
1184 1508 1470 1588 tangens
1502 1519 1824 1592 aramque
1851 1497 2246 1592 pedemque.

462 1601 724 1673 Elatam
754 1604 899 1699 jam
932 1604 1127 1674 crede
1156 1629 1447 1691 nurum,
1486 1607 1543 1675 si
1578 1605 1814 1676 limina
1843 1622 2063 1677 vestra
2513 1641 2615 1676 πο

462 1714 823 1784 Mortifera
854 1739 1009 1784 cum
1051 1714 1208 1785 dote
1235 1715 1417 1785 subit
1444 1742 1462 1784 z
1498 1706 1744 1811 quibus
1775 1713 1886 1786 illa
1918 1731 2268 1811 premetur

463 1825 595 1893 Per
628 1849 939 1894 somnum
976 1821 1233 1921 digitis!
1277 1849 1433 1893 nam
1470 1849 1622 1920 quae
1659 1841 1974 1921 terraque
2009 1827 2316 1921 marique

464 1933 897 2025 Aequirenda
924 1949 1154 2029 putas,
1183 1934 1459 2004 brevior
1482 1935 1592 2006 via
1621 1936 1929 2007 conferet
1955 1936 2072 2006 illi.

466 2041 709 2113 Nullus
736 2045 917 2114 enim
947 2045 1177 2141 magni
1206 2044 1471 2116 sceleris
1501 2044 1694 2114 labor
1722 2071 1738 2116 ε
1778 2047 1926 2117 haec
1953 2069 2081 2141 ego
2109 2070 2481 2139 numquam

464 2154 822 2244 Mandavi‚
856 2155 1038 2225 dices
1078 2154 1277 2244 olim,
1312 2179 1438 2226 nec
1470 2153 1634 2226 talia
1665 2157 1862 2227 suasi.
2515 2169 2616 2224 225

466 2265 722 2333 Mentis
750 2289 979 2335 caussa
1002 2264 1195 2336 malae
1224 2280 1451 2335 tamen
1480 2280 1582 2335 est
1605 2280 1672 2335 et
1696 2267 1888 2362 origo
1917 2291 2126 2361 penes
2163 2282 2254 2337 te.

464 2376 640 2445 Nam
669 2376 973 2472 quisquis
998 2376 1226 2471 magni
1258 2401 1497 2447 census
1523 2378 1848 2472 praecepit
1867 2403 2212 2465 amorem,

540 2611 674 2650 210.
718 2595 845 2671 Ego
882 2613 1028 2653 vero
1063 2605 1289 2670 patrem
1328 2595 1652 2671 quemlibet
1686 2599 1820 2655 talia
1857 2599 1982 2655 haec
2020 2609 2310 2675 praecepta
2347 2597 2471 2654 filio
2511 2615 2618 2654 suo

456 2683 849 2742 inculcantem
886 2687 969 2744 sic
999 2685 1249 2743 libenter
1286 2687 1620 2763 alloquerer
1643 2709 1658 2743 :
1681 2688 1953 2765 Agedum
1973 2729 1991 2757 ,
2031 2690 2213 2746 bomo
2251 2688 2623 2745 inconsultis-

460 2777 633 2848 sime,
652 2797 757 2834 cur
776 2777 857 2834 ita
876 2796 1159 2854 properas
1186 2777 1373 2834 filium
1403 2779 1479 2840 ad
1498 2777 1800 2838 avaritiam
1829 2779 2174 2838 instituere?
2197 2781 2474 2857 Spondeo
2493 2779 2622 2838 fore

462 2879 528 2926 ut
570 2868 740 2926 brevi
784 2869 1099 2946 discipulus
1141 2869 1481 2946 magistrum
1535 2882 1800 2947 superet3
1851 2870 2082 2931 confide
2105 2915 2123 2944 ,
2170 2873 2420 2948 nequior
2457 2882 2622 2947 patre

461 2960 613 3019 filius
644 2963 784 3036 erit,
822 2975 893 3020 ut
926 2962 1040 3020 fuit
1062 2962 1212 3038 Ajax
1233 2965 1550 3021 Telamone
1571 2974 1737 3040 patre
1761 2981 1868 3026 suo
1895 2963 2130 3036 fortior,
2157 2965 2410 3022 Achilles
2427 2965 2619 3022 Peleo.

462 3059 633 3115 Nunc
658 3059 961 3136 ignoscere
990 3058 1167 3116 debes
1196 3059 1347 3116 aetati
1380 3057 1534 3115 illius
1574 3055 1855 3115 teneriori
1883 3075 2059 3132 quam
2081 3069 2152 3116 ut
2181 3057 2419 3114 intimos
2445 3055 2624 3114 animi

453 3168 714 3210 recessus
738 3149 1110 3227 impleverint
1121 3149 1243 3226 jam
1264 3149 1481 3208 semina
1507 3149 1790 3214 vitiorum
1815 3149 2169 3208 maturiora:
2195 3161 2460 3226 exspecta
2481 3169 2624 3225 pau-

456 3241 653 3320 lisper,
679 3243 817 3301 dum
850 3243 1092 3301 barbam
1111 3254 1369 3320 pectere,
1407 3255 1468 3300 et
1494 3241 1661 3320 longi
1692 3241 1867 3300 cultri
1893 3242 2014 3300 acie
2055 3261 2316 3300 resecare
2351 3242 2622 3318 coeperit,

458 3335 666 3392 falsum
698 3336 854 3398 dicet
882 3336 1277 3398 testimonium
1293 3378 1311 3402 ,
1350 3337 1615 3395 venalem
1655 3333 1732 3395 ad
1767 3334 2024 3411 perjuria
2053 3335 2328 3410 quaelibet
2366 3335 2622 3410 linguam

457 3427 701 3484 minimo
724 3428 913 3504 pretio
940 3428 1171 3487 addicet
1187 3471 1205 3500 ,
1231 3448 1341 3486 nec
1369 3429 1600 3487 Cereris
1631 3447 1788 3486 aram
1818 3447 1885 3488 ac
1911 3438 2156 3485 statuam
2177 3427 2335 3485 inter
2355 3425 2624 3500 pejeran-

460 3518 601 3575 dum
630 3529 863 3597 tangere
897 3520 1207 3578 dubitabit.
1238 3523 1275 3576 J
1276 3539 1369 3576 am
1400 3521 1772 3596 exploratum
1802 3519 1953 3577 habe
1977 3519 2152 3576 funus
2186 3529 2298 3575 tuae
2329 3535 2512 3574 nurus
2527 3558 2544 3587 ,
2573 3515 2626 3572 si

459 3612 701 3668 domum
733 3612 831 3671 illa
859 3623 1107 3670 vestram
1148 3612 1482 3690 ingreditur
1509 3630 1644 3669 cum
1677 3611 1888 3688 grandi
1927 3611 2103 3682 dote,
2150 3609 2230 3668 ob
2262 3629 2434 3686 quam
2461 3627 2623 3666 mors

457 3702 639 3778 ipsam
680 3716 893 3761 manet.
932 3707 1015 3765 Ut
1062 3704 1162 3764 ille
1205 3723 1329 3762 non
1373 3705 1786 3769 cunctantibus
1828 3722 1894 3760 ac
1936 3703 2154 3761 timidis
2195 3702 2392 3781 digitis
2431 3703 2624 3759 fauces

454 3795 628 3852 uxori
655 3796 975 3854 dormienti
993 3797 1196 3855 elidet!
1228 3799 1385 3870 Quas
1409 3797 1568 3858 enim
1591 3816 1732 3873 opes
1763 3808 1918 3854 terra
1942 3808 2000 3854 et
2021 3796 2169 3854 mari
2191 3795 2622 3872 conquirendas

454 3887 784 3960 arbitraris,
827 3907 919 3946 eas
951 3889 1075 3966 ipse
1108 3889 1374 3948 breviori
1417 3910 1483 3947 ac
1516 3890 1782 3966 perfacili
1810 3891 1906 3946 via
1947 3890 2326 3967 comparabit.
2369 3889 2624 3952 Maxima

460 3977 677 4057 quippe
696 3983 911 4039 scelera
932 3983 1095 4040 nullo
1124 3984 1365 4060 negotio
1391 3994 1828 4060 perpetrantur.
1862 3984 2022 4042 Olim
2045 3996 2114 4041 tu
2136 3985 2371 4061 quidem
2391 3983 2548 4040 dices
2568 3993 2625 4039 te

461 4090 785 4148 numquam
812 4075 933 4131 haec
960 4073 1049 4131 illi
1073 4075 1443 4151 praecepisse,
1478 4095 1797 4152 numquam
1823 4078 1900 4135 ad
1925 4074 2048 4136 haec
2077 4076 2294 4156 flagitia
2325 4078 2623 4134 hortatum

457 4183 597 4224 esse.
627 4169 783 4225 Vere
812 4167 1085 4243 quiderm
1122 4167 1375 4227 attamen
1412 4189 1483 4228 ex
1516 4180 1576 4227 te
1603 4169 1858 4228 nascitur
1882 4169 2052 4248 origo
2090 4181 2148 4229 et
2175 4189 2368 4228 caussa
2401 4165 2622 4225 vitiosae
