3050 4884
573 398 695 477 148
1127 392 1211 455 D.
1268 358 1550 453 JUNH
1594 382 2160 451 JUVENALIS

564 511 729 581 Haec
760 507 926 577 olim
958 505 1172 573 nostri
1198 502 1340 596 jam
1369 499 1714 569 luxuriosa
1741 501 2026 567 Senatus

566 626 780 693 Coena
811 618 960 687 fuit.
995 614 1269 698 Curius,
1309 634 1521 706 parvo
1560 634 1711 703 quae
1744 606 1996 702 legerat
2030 606 2264 693 horto,

566 737 724 827 Ipse
758 729 928 799 focis
955 725 1270 796 brevibus
1303 721 1604 816 ponebat
1631 715 1965 803 oluscula,
1996 742 2148 811 quae
2179 740 2365 785 nunc

567 841 928 938 Squalidus
957 840 1028 906 in
1059 861 1305 930 magna
1337 831 1599 901 fastidit
1624 826 1952 923 compede
1983 828 2223 915 fossor,
2664 840 2735 893 80

565 954 706 1043 Qui
736 948 1074 1033 meminit,
1107 946 1337 1016 calidae
1367 942 1581 1035 sapiat
1607 938 1774 1034 quid
1802 936 2006 1005 vulva
2036 938 2329 1032 popinae.

562 1063 740 1133 Sicci
773 1076 958 1154 terga
983 1058 1152 1143 suis,
1188 1078 1340 1124 rara
1372 1050 1744 1147 pendentia
1773 1062 1991 1134 crate,

566 1173 784 1244 Moris
814 1184 957 1240 erat
983 1166 1330 1261 quondam
1359 1161 1543 1230 festis
1576 1182 1847 1228 servare
1882 1157 2154 1245 diehuS,

569 1290 662 1355 Et
691 1281 1072 1353 natalitium
1113 1274 1420 1370 cognatis
1453 1294 1713 1367 ponere
1748 1268 2047 1355 lardum,

571 1395 955 1467 Accedente
990 1414 1198 1475 nova,
1231 1388 1287 1457 si
1319 1410 1524 1481 quam
1560 1382 1765 1452 dabat
1790 1382 2048 1467 hostia,
2088 1406 2314 1451 carne.
2589 1456 2597 1468 ¹
2669 1394 2736 1449 85

573 1510 1040 1601 Cognatorum
1070 1498 1352 1592 aliquis,
1388 1492 1589 1564 titulo
1623 1507 1729 1562 ter
1756 1491 2069 1562 Consulis
2098 1507 2300 1587 atque

573 1620 970 1686 Castrorum
1002 1606 1310 1703 imperiis
1343 1620 1412 1675 et
1442 1604 1810 1673 Dictatoris
1839 1603 2101 1671 honore

575 1728 910 1807 FunctuS,
944 1719 1028 1788 ad
1062 1719 1182 1787 has
1214 1714 1446 1810 epulas
1481 1712 1679 1783 solito
1714 1713 2044 1780 maturius
2078 1712 2244 1798 ibat,
2306 1756 2310 1759 -

579 1839 904 1905 Erectum
935 1830 1191 1901 domito
1229 1825 1534 1897 referens
1564 1850 1604 1893 a
1636 1837 1869 1893 monte
1897 1822 2219 1917 ligonem.

677 1947 912 2033 Quum
937 1954 1312 2011 tremerent
1333 1952 1559 2006 autem
1576 1934 1843 2020 Fabios,
1869 1933 2255 2027 durumque
2272 1935 2636 2018 Catonem,
2674 1962 2747 2013 90

582 2060 674 2126 Et
700 2058 1018 2137 Scaur03,
1054 2065 1124 2118 et
1149 2048 1524 2127 Fabricios,
1561 2042 1905 2135 rigidique
1934 2068 2204 2109 severos

583 2164 901 2235 Censoris
934 2182 1159 2229 mores
1195 2156 1394 2223 etiam
1427 2150 1687 2245 collega
1718 2150 2017 2239 timeret,

587 2375 794 2433 hiemis
819 2374 1042 2449 frigore
1061 2378 1346 2428 coxerunt
1373 2386 1438 2423 ac
1467 2365 1826 2441 mitigarunt.
1858 2366 1945 2421 Ita
1969 2364 2274 2422 coenabant
2299 2366 2487 2423 nostri
2515 2367 2747 2442 pridem

591 2479 914 2537 senatores,
961 2465 1031 2522 iis
1063 2464 1236 2521 etiam
1271 2459 1635 2535 temporibus
1667 2458 1879 2533 quibus
1910 2480 1943 2515 a
1976 2459 2304 2533 priscorum
2346 2462 2749 2520 Romanorum

592 2560 922 2637 frugalitate
939 2555 1188 2616 deficere
1212 2561 1522 2629 coeperant.
1556 2551 1768 2607 Curius
1794 2548 1955 2605 aliud
1974 2548 2121 2605 nihil
2146 2552 2404 2608 coenabat
2424 2594 2441 2623 ,
2470 2572 2645 2628 quam
2666 2555 2751 2610 le—

597 2652 833 2729 gumina
854 2693 871 2721 ,
905 2668 1031 2725 quse
1064 2648 1128 2703 in
1159 2648 1338 2703 horto
1371 2663 1478 2701 suo
1515 2642 1640 2718 ipse
1673 2643 2013 2717 collegerat,
2054 2652 2113 2697 et
2143 2642 2278 2698 exili
2310 2656 2549 2699 coxerat
2574 2644 2711 2701 foco
2736 2667 2750 2700 τ

600 2764 730 2819 quae
759 2761 916 2799 nunc
941 2748 1322 2815 aspernantur
1349 2735 1520 2793 etiam
1548 2732 1775 2789 sordidi
1799 2732 1981 2803 servi,
2013 2732 2117 2808 qui
2142 2734 2357 2791 catenis
2384 2735 2751 2812 longioribus

598 2836 784 2894 vincti
810 2836 1054 2890 humum
1080 2830 1206 2887 ruri
1235 2828 1468 2885 fodiunt
1485 2867 1503 2896 ,
1538 2835 1597 2881 et
1631 2824 1733 2898 qui
1764 2844 1886 2881 non
1917 2836 2053 2881 sunt
2088 2826 2288 2897 obliti,
2323 2847 2497 2901 quam
2527 2829 2753 2885 bonum

601 2945 864 3003 saporem
891 2925 1099 2980 habeat
1119 2922 1292 2979 vulva
1312 2920 1428 2975 suis
1455 2918 1518 2973 in
1544 2916 1762 2991 popina
1785 2916 2036 2973 ferventi
2055 2930 2388 2993 praeparata.
2417 2920 2578 2977 O'lim
2598 2924 2755 2977 sole-

601 3022 746 3077 bant
777 3018 1025 3089 majores
1057 3014 1246 3069 nostri
1277 3028 1508 3069 servare
1539 3009 1614 3065 ad
1641 3007 1765 3064 dies
1794 3008 1970 3064 festos
2000 3009 2355 3066 solemnibus
2390 3005 2577 3084 epulis
2607 3014 2757 3070 cele-

598 3112 856 3171 brandos
887 3110 1126 3164 dorsum
1155 3106 1464 3180 porcinum
1498 3102 1746 3158 sublime
1776 3120 2115 3175 suspensum
2148 3104 2212 3158 in
2240 3114 2396 3160 crate
2424 3104 2613 3181 lignea
2630 3147 2647 3175 ,
2688 3118 2757 3163 ut

605 3205 1011 3270 exsiccaretur-3
1040 3210 1098 3254 et
1116 3217 1294 3272 quum
1313 3196 1512 3252 affines
1532 3194 1627 3250 die
1643 3214 1753 3251 suo
1770 3194 1947 3252 natali
1968 3196 2042 3251 ad
2061 3198 2393 3253 convivium
2413 3198 2758 3271 invitabant,

601 3295 974 3373 apponebant
998 3290 1135 3366 ipsis
1160 3289 1306 3344 nihil
1328 3298 1543 3363 praeter
1563 3286 1793 3343 lardum
1812 3330 1829 3358 ,
1860 3298 1919 3345 et
1935 3289 2157 3364 aliquid
2180 3292 2423 3348 recentis
2458 3294 2647 3351 carnis
2664 3336 2683 3365 ,
2710 3295 2759 3353 si

605 3390 750 3466 quid
780 3407 850 3444 ex
881 3386 1174 3443 immolata
1205 3381 1356 3437 forte
1384 3380 1576 3436 hostia
1600 3392 1859 3437 restaret.
1902 3384 1998 3439 Ad
2028 3384 2313 3457 ejusmodi
2344 3404 2595 3457 coenam,
2628 3399 2761 3444 tan-

605 3500 776 3558 quam
797 3480 874 3535 ad
893 3478 1152 3553 opimum
1178 3473 1543 3543 convivium,
1573 3492 1723 3530 unus
1754 3473 1960 3548 aliquis
1988 3493 2020 3531 e
2042 3476 2420 3551 propinquis,
2450 3478 2584 3534 licet
2612 3498 2761 3535 con-

602 3576 794 3631 sulatu
819 3583 910 3627 ter
931 3572 1188 3638 functus,
1220 3566 1357 3622 licet
1385 3566 1651 3622 maximis
1673 3566 1990 3642 praefuisset
2013 3569 2388 3643 exercitibus,
2414 3584 2471 3629 et
2498 3570 2761 3629 dictatu-

603 3684 726 3721 ram
760 3660 1160 3719 honorandam
1195 3658 1492 3736 gessisset,
1532 3658 1885 3731 properabat
1914 3660 2116 3715 horam
2149 3680 2321 3717 coenae
2342 3663 2569 3719 solitam
2601 3676 2765 3721 ante-

603 3767 862 3825 vertens,
895 3766 953 3810 et
977 3754 1263 3830 ligonem,
1308 3769 1426 3827 quo
1465 3761 1807 3807 montanum
1832 3770 2038 3809 arvum
2070 3755 2431 3827 prosciderat
2449 3798 2468 3829 ‚
2498 3756 2763 3815 humeris

603 3847 940 3924 impositum
970 3858 1211 3921 gestans.

684 3961 779 4019 90.
821 3942 970 3996 Sane
999 3940 1121 3995 istis
1146 3938 1533 4013 temporibus,
1562 3940 1775 4013 quibus
1804 3940 2051 4015 quisque
2077 3943 2189 4000 sibi
2210 3947 2531 4015 metuebat,
2558 3966 2634 4003 ne
2670 3966 2771 4004 re-

601 4034 1066 4115 prehenderetur
1090 4043 1148 4088 et
1169 4032 1516 4087 multaretur
1536 4050 1564 4085 a
1598 4033 1789 4087 Fabiis
1808 4074 1823 4102 ,
1852 4034 2169 4092 Catonibus
2184 4078 2201 4107 ‚
2232 4037 2460 4095 Scauris
2480 4050 2538 4094 et
2560 4040 2773 4096 Fabri-

600 4130 736 4203 ciis3
763 4144 949 4206 quum
973 4126 1096 4201 ipse
1123 4142 1330 4183 censor
1355 4146 1384 4179 a
1415 4126 1503 4181 sui
1525 4125 1761 4202 collegae
1783 4126 2087 4186 severitate
2108 4148 2173 4185 ac
2198 4146 2438 4189 censura
2463 4141 2625 4188 tutus
2648 4150 2775 4188 non
