3050 4884
554 346 678 410 160
868 347 1212 413 VARIAE
1256 348 1853 413 LECTIONES
1901 350 2032 414 ΕΤ
2076 349 2392 417 NOTAE

615 458 757 511 Nor.
803 476 883 529 17.
922 462 1047 513 Non
1080 458 1361 523 dubitant,
1392 473 1583 515 mutuo
1605 460 1876 533 accipere,
1911 480 2030 533 quae
2059 462 2290 535 per-dant
2313 465 2513 536 magis,
2545 482 2716 538 qnam

542 554 798 612 erogent3
849 542 1034 596 Schol.
1078 541 1359 609 Quamdiu
1392 544 1746 614 supellectilis
1795 544 2003 615 aliquid
2038 560 2306 617 superest,
2349 548 2507 601 facile
2541 550 2607 603 iis
2639 560 2722 602 est

546 643 741 696 parare
764 625 869 678 sibi
892 627 1183 699 pecuniam
1195 628 1499 693 perituram,
1528 644 1648 699 quae
1667 645 1794 679 mox
1814 628 1954 697 gulae
1977 629 2112 681 luxu
2129 630 2382 697 intereat;
2406 633 2540 685 Ach.

614 785 749 833 Vn..
790 786 871 835 18.
906 783 1150 832 Lam-ibus
1169 782 1373 849 optatis,
1394 800 1441 843 7.
1460 810 1532 820 --
1549 784 1612 829 Ue
1627 800 1720 848 pro
1740 783 1856 843 vel,
1884 799 1964 832 ια.
1984 812 2056 821 -
2073 786 2268 843 Martis,
2291 795 2378 843 24.
2401 813 2468 825 —
2485 786 2715 853 [magiae

538 864 678 931 picea
712 868 867 927 forte,
901 884 946 915 1.
986 869 1143 916 Vetus
1182 866 1420 915 Scholion
1457 876 1558 915 est:
1581 866 1666 914 «si
1691 867 1748 915 in
1785 882 1910 915 auro
1945 868 2078 930 picta
2105 879 2204 931 est,
2243 880 2330 917 aut
2359 872 2414 918 in
2447 880 2716 937 argento.-

549 950 775 1015 Imagine
790 968 913 999 eam
940 950 1153 999 malebat
1178 950 1441 999 Schrader.

618 1041 758 1093 Nor.
804 1041 884 1095 18.
922 1041 1083 1094 Conf.
1110 1042 1221 1092 vn
1240 1080 1253 1101 ,
1284 1043 1370 1108 73.
1392 1070 1465 1081 -
1488 1040 1734 1107 Opposia's
1753 1037 1966 1110 pigneri
1982 1078 1998 1104 ,
2019 1040 2344 1112 hypotheca
2365 1043 2517 1107 loco,
2542 1042 2614 1097 ad
2636 1063 2718 1097 se-

547 1123 829 1177 curitatem
850 1122 1135 1177 creditoris
1152 1160 1169 1184 ,
1190 1134 1251 1174 ut
1275 1121 1424 1194 apud
1460 1122 1638 1175 Plaut.
1662 1122 1822 1174 Cure.
1855 1122 1912 1173 11
1929 1161 1944 1173 .
1969 1122 2021 1184 3,
2055 1140 2121 1192 77
2141 1128 2162 1187 ;'
2195 1123 2382 1177 Senec.
2405 1126 2535 1179 Ben.
2571 1126 2712 1191 VII,

548 1212 611 1269 τά
630 1245 645 1267 ,
675 1220 729 1261 et
760 1207 963 1260 Catuli.
1000 1205 1193 1257 XXVI
1212 1242 1227 1266 ,
1249 1225 1278 1256 α
1297 1245 1313 1270 ,
1338 1205 1436 1258 ubi
1464 1203 1578 1259 vid.
1605 1204 1774 1275 Vulp.
1801 1216 1854 1257 et
1881 1205 2044 1257 Doer.
2071 1235 2140 1245 —-
2163 1210 2406 1258 Lancebus
2433 1208 2707 1279 pretiosis,

544 1290 839 1361 argenteis,
868 1290 1077 1351 aureis,
1113 1300 1217 1341 ete.
1242 1319 1308 1331 —
1334 1292 1514 1340 Matris
1543 1290 1762 1357 imagine
1766 1289 1970 1353 fracta,
1999 1306 2110 1340 non
2137 1307 2298 1355 casu,
2322 1304 2484 1363 pute,
2513 1292 2597 1343 vel
2629 1309 2718 1345 ve-

542 1388 769 1440 tustate,
804 1375 892 1428 vel
932 1387 994 1427 ut
1029 1386 1241 1445 partem
1275 1386 1465 1425 statuae
1493 1369 1725 1437 vendat,
1753 1369 1850 1424 sed
1879 1371 2052 1424 fracta
2083 1390 2148 1425 ex
2175 1372 2476 1441 industria,
2509 1388 2570 1427 ut
2603 1393 2718 1427 non

543 1458 799 1530 cognosci
820 1458 994 1531 possit
1009 1497 1024 1521 ,
1051 1470 1105 1510 et
1130 1457 1243 1509 sine
1264 1455 1475 1529 pudore
1492 1453 1675 1511 vendi.

614 1557 755 1608 Nor.
801 1571 883 1621 19.
926 1555 1313 1621 Quadringentis
1342 1556 1527 1613 numis,
1555 1570 1753 1623 magno
1778 1554 1984 1624 pretim
2012 1572 2122 1606 non
2150 1572 2278 1607 vero
2309 1555 2518 1627 integro
2545 1574 2710 1609 censu

541 1638 807 1710 equestri,
830 1654 939 1708 quo
960 1654 1115 1689 sensu
1136 1639 1525 1705 quadringenta,
1551 1655 1624 1689 sc.
1651 1638 1910 1701 sestertia,
1935 1636 2192 1691 dicuntur
2215 1640 2274 1703 1,
2309 1644 2437 1704 106;
2465 1643 2550 1703 11,
2583 1659 2714 1710 1173

545 1724 617 1784 V,
649 1721 777 1784 1323
808 1739 937 1773 nam
959 1724 1095 1771 nume·
1124 1732 1249 1773 sunt
1270 1720 1528 1783 sestertii,
1557 1738 1668 1773 non
1695 1721 1966 1786 sestertia,
1993 1734 2046 1774 et
2071 1720 2139 1774 de
2168 1721 2387 1775 homine
2409 1742 2584 1775 sermo
2603 1735 2712 1787 est,

543 1805 639 1876 qui
665 1803 925 1859 devorata
949 1822 1009 1857 re
1038 1803 1293 1856 familiari
1314 1803 1709 1875 supellectilem
1731 1804 2082 1875 oppignerat,
2114 1802 2260 1857 unde
2280 1825 2389 1857 non
2415 1806 2573 1859 facile
2591 1806 2712 1859 effi-

544 1890 649 1942 ciet
671 1907 891 1942 censum
912 1900 1236 1959 equestrem.
1259 1918 1329 1928 --
1354 1888 1566 1937 Condito
1581 1925 1596 1949 ,
1616 1886 1753 1938 cibis
1776 1887 1914 1939 bene
1936 1885 2172 1939 conditis
2191 1927 2206 1951 ,
2225 1888 2311 1940 vel
2342 1886 2588 1942 delicatis
2607 1890 2711 1941 im-

542 1974 709 2046 plere.
729 2003 802 2013 —-
829 1974 1000 2023 metite
1025 1990 1151 2035 vas,
1175 1982 1237 2024 ut
1266 1984 1389 2022 testa
1420 1974 1554 2031 alta,
1579 1972 1690 2034 lv,
1735 1972 1827 2023 131
1871 1972 1986 2039 (ubi
2021 1969 2130 2025 vid.
2160 1976 2314 2043 not.).
2344 1978 2544 2035 Fictile,
2583 1975 2716 2045 qnia

544 2058 726 2111 lances
762 2069 1041 2129 argenteas
1075 2068 1433 2129 opposuerat,
1480 2068 1575 2108 aut
1618 2056 1746 2126 quia
1777 2056 2012 2109 maxima
2051 2055 2233 2127 aliqua
2265 2057 2451 2127 patina
2483 2058 2534 2111 ei
2571 2078 2713 2129 opus

544 2154 685 2203 erat,
730 2142 934 2215 Grang.
957 2151 977 2176 1
1022 2170 1096 2181 —
1142 2144 1380 2192 Gulosum
1424 2158 1520 2193 vas
1537 2178 1554 2205 ,
1597 2140 1758 2211 quale
1797 2152 1880 2191 est
1916 2138 2198 2195 hominum
2237 2142 2553 2211 gulosorum
2571 2181 2589 2208 ,
2623 2142 2712 2196 vel

547 2242 738 2297 capax.

612 2372 753 2418 vn.
791 2386 877 2417 20.
914 2368 969 2417 Si
992 2369 1232 2429 veniunt,
1253 2370 1387 2431 conj.
1410 2368 1672 2417 Schrader.

616 2464 755 2517 Nor.
798 2482 882 2517 πο.
918 2466 1027 2529 Sic,
1042 2462 1149 2516 hoc
1172 2463 1333 2527 luxu,
1355 2466 1568 2513 venium
1582 2466 1657 2514 ad
1673 2464 2019 2525 miscellanea,
2045 2464 2228 2518 cibum
2251 2482 2282 2517 e
2299 2464 2464 2517 variis
2487 2464 2708 2520 ferculis

542 2548 799 2614 mixtum,
826 2549 912 2603 vel
932 2546 1265 2600 immundam
1292 2546 1538 2617 saginam
1557 2551 1640 2619 (ut
1672 2560 1796 2599 ntar
1816 2546 1995 2600 verbis
2021 2549 2182 2619 Prop.
2209 2549 2312 2613 IV,
2339 2550 2372 2599 8
2389 2588 2403 2613 ,
2432 2550 2706 2615 25),1m1⁸⁴,

542 2632 712 2699 ludii,
750 2632 1069 2705 gladiatoris
1105 2630 1243 2701 (vid.
1273 2630 1348 2684 ad
1378 2630 1495 2695 VI,
1524 2631 1590 2684 82
1609 2633 1660 2699 ),
1690 2631 1799 2684 hoc
1830 2643 1942 2695 est,
1985 2630 2312 2702 gladiatores
2350 2630 2490 2685 flunt
2530 2634 2702 2699 (conf.

543 2737 621 2771 vs.
648 2718 745 2787 8),
778 2730 840 2770 ut
862 2717 1151 2788 largiorem
1169 2726 1313 2767 certe
1334 2715 1538 2767 victum
1554 2753 1570 2778 ,
1597 2714 1684 2767 cui
1709 2728 2052 2767 assueverant
2069 2754 2085 2779 ,
2107 2722 2407 2769 retineant:
2439 2734 2562 2769 nam
2588 2718 2706 2788 gla-

546 2801 783 2855 diatores
802 2814 857 2853 et
880 2800 1097 2853 athletae
1121 2798 1297 2871 epulis
1320 2797 1646 2869 largioribus
1667 2797 1741 2849 ali
1767 2798 2043 2872 solebant,
2077 2808 2138 2849 ut
2166 2798 2305 2850 vires
2333 2817 2518 2851 eorum
2543 2818 2708 2871 auge·

544 2898 731 2938 rentur
750 2885 988 2953 (coliphia
1005 2920 1021 2942 ,
1047 2884 1134 2946 11,
1166 2881 1231 2935 53
1250 2886 1299 2949 ),
1322 2880 1467 2933 unde
1495 2883 1852 2948 gladiatoriam
1869 2884 2095 2949 saginam
2119 2878 2257 2933 dixit
2284 2883 2419 2935 Tac.
2449 2884 2588 2935 Hist.
2621 2886 2707 2947 11,

546 2972 639 3029 88,
662 2979 717 3020 et
744 2968 906 3037 Prop.
933 2966 1039 3019 loc.
1066 2962 1220 3017 laud.
1248 2965 1383 3033 (ubi
1404 2963 1515 3017 vid.
1545 2964 1895 3035 Broekhus.),
1930 2968 2073 3017 vulsi
2099 2983 2334 3033 carpenta
2359 2970 2571 3034 nepotis,
2604 2970 2709 3035 Qui

546 3054 685 3103 dabit
720 3054 984 3101 immunda·
1002 3052 1215 3100 venalia
1236 3052 1363 3119 fhta
1392 3052 1608 3117 saginas.
1652 3049 1760 3102 hoc
1785 3062 1898 3113 est,
1929 3049 2024 3121 qui
2053 3051 2378 3121 patrimonio
2402 3049 2706 3123 dilapidato

544 3137 711 3191 vitam
756 3134 1097 3204 animamque
1120 3152 1271 3185 suam
1296 3133 1507 3185 lanista
1526 3132 1741 3187 vendet.
1769 3164 1838 3174 —
1859 3137 2184 3185 Miscellanea
2204 3153 2371 3205 genus
2399 3136 2706 3189 miserabile

546 3220 765 3281 ferculi,
784 3218 939 3272 cibus
964 3214 1331 3289 gladiatorum
1344 3258 1359 3282 ,
1380 3219 1475 3289 qui
1496 3218 1706 3277 omnia,
1728 3236 1849 3290 quae
1867 3232 2217 3289 apponuntur
2236 3219 2369 3283 sibi,
2395 3223 2618 3277 em'scene.
2649 3233 2708 3273 et

546 3306 625 3357 sic
650 3300 985 3355 manducant
998 3339 1015 3366 ,
1038 3300 1223 3353 Schol.
1240 3299 1347 3351 Alii
1366 3304 1682 3353 miscellanea
1701 3306 1806 3351 iudi
1821 3314 2015 3374 putant
2033 3320 2144 3354 esse
2158 3305 2298 3354 ludos
2315 3306 2572 3367 miscetlos,
2595 3304 2706 3355 boc

546 3400 655 3451 est,
692 3405 723 3438 e
750 3384 915 3439 variis
953 3380 1239 3455 generibus
1276 3382 1471 3435 mixtos
1502 3383 1656 3451 (vid.
1691 3385 1866 3457 intpp.
1894 3386 2040 3439 Suet.
2078 3386 2190 3439 Cal.
2228 3406 2273 3439 c.
2301 3406 2396 3447 πο,
2427 3400 2486 3439 ut
2517 3406 2704 3441 sensns

548 3473 614 3526 sit
636 3489 649 3523 :
676 3469 815 3523 fiunt
834 3470 1129 3523 histriones
1148 3486 1243 3519 seu
1264 3466 1421 3520 ludii.
1450 3469 1717 3539 Rigaltius
1741 3472 1962 3541 exponit
1984 3488 1997 3521 τ
2021 3470 2110 3523 Sic
2137 3470 2223 3523 isti
2255 3471 2382 3523 luxu
2408 3473 2703 3526 conturba-

546 3570 664 3609 tore
686 3564 915 3625 pereunt
930 3591 947 3617 ‚
974 3563 1038 3604 ut
1062 3551 1120 3602 in
1140 3550 1380 3603 miscella
1408 3552 1870 3605 consummatione
1890 3550 2235 3623 gladiatores.
2258 3552 2552 3624 Grangoeus
2575 3572 2588 3607 ε
2612 3556 2707 3608 sio

544 3639 796 3691 lurcones
814 3636 897 3687 illi
919 3638 1070 3697 ludii,
1094 3654 1185 3687 seu
1214 3632 1543 3705 gladiatores
1564 3636 1731 3689 futuri
1759 3638 1966 3688 venium
1983 3640 2058 3687 ad
2073 3641 2384 3688 miscrleanea
2400 3676 2414 3701 ,
2437 3636 2706 3695 condiunt

544 3721 760 3794 patinas
781 3721 931 3773 omni
952 3720 1201 3772 ciborum
1224 3736 1418 3789 genere
1444 3719 1668 3772 refertas
1693 3731 1746 3772 et
1769 3720 2127 3785 intermixtas;
2150 3718 2216 3772 de
2240 3738 2347 3791 quo
2369 3720 2478 3772 vid.
2509 3722 2701 3775 Senec.

550 3806 723 3877 Epist.
746 3804 919 3867 XCV;
935 3804 1241 3865 Turnebus,
1260 3799 1392 3857 Λᾶν.
1412 3802 1604 3867 XXII,
1631 3805 1715 3866 23,
1735 3802 1892 3857 innui
1914 3802 2168 3857 credebat
2185 3817 2239 3858 et
2259 3802 2418 3858 ludos
2437 3807 2702 3866 miscellos,

1396 3961 1848 3981 mmmws

622 4104 641 4129 ¹
677 4095 819 4145 Couf.
846 4093 1043 4143 Salmas.
1070 4095 1243 4145 Exere.
1275 4095 1404 4143 Plin.
1431 4110 1548 4159 pag.
1581 4093 1704 4144 586.
