3050 4884
552 387 637 454 56
1040 353 1050 360 ’
1108 393 1188 456 n.
1242 392 1517 457 JUN11
1569 389 2138 458 JUVENALIS

552 506 803 573 Panem
829 519 897 574 et
922 507 1287 576 Circenses.
1314 547 1415 559 -—-
1432 508 1780 576 Perituros
1804 507 2006 576 audio
2034 505 2302 576 multos.

550 651 649 665 --·
676 611 793 682 Nil
824 613 1143 701 dubium,
1170 638 1415 708 magna
1446 631 1552 683 est
1581 613 1930 685 fornacula
1967 641 1984 683 t
2019 614 2380 710 pallidulus
2406 614 2499 684 mi

552 721 901 790 Brutidius
928 747 1117 792 meus
1142 723 1227 790 ad
1254 723 1493 790 Martis
1520 723 1652 791 suit
1675 723 1916 792 obvius
1942 748 2146 792 aram.

552 831 777 920 Quam
810 834 1049 919 timeo,
1082 835 1301 902 victus
1338 857 1426 902 ne
1459 859 1690 928 poenas
1727 834 1950 928 exigat
1981 835 2185 928 Ajax,
2257 919 2266 928 ·

554 943 655 1011 Ut
690 941 865 1012 male
888 940 1230 1012 defensus!
1270 968 1620 1012 curramus
1656 945 2072 1038 praecipiteS,
2105 961 2202 1030 et,
2627 955 2698 1008 85

552 1055 735 1122 Dum
753 1055 931 1147 jacet
956 1056 1027 1122 in
1054 1054 1235 1148 ripa,
1264 1053 1594 1124 oeloemus
1617 1054 1900 1124 Caesaris
1923 1055 2209 1125 hostem.

552 1166 685 1235 Sed
718 1167 991 1236 videant
1022 1167 1231 1252 servi,
1259 1191 1349 1234 ne
1379 1167 1528 1261 quis
1557 1181 1782 1259 neget,
1817 1180 1888 1233 et
1913 1163 2230 1258 pavidum
2265 1166 2333 1231 in
2358 1165 2470 1256 jus

550 1276 837 1347 Cervice
874 1277 1195 1346 obstricta
1222 1276 1576 1346 dominum
1605 1278 1848 1345 trahat.
1877 1317 1971 1328 --
2009 1279 2100 1343 Hi
2129 1299 2467 1344 semones

549 1387 745 1454 Tune
782 1385 868 1453 de
900 1385 1186 1478 Sejan0‚
1222 1400 1483 1454 secreta
1513 1387 1660 1456 haec
1698 1411 2048 1455 murmura
2087 1385 2292 1479 vulgi.

646 1494 857 1563 Visne
890 1493 1157 1562 salutari
1176 1547 1195 1580 ‚
1228 1493 1401 1564 sieut
1432 1494 1762 1587 Sejanus?
1789 1495 2036 1564 habere
2625 1523 2697 1572 90

552 1603 1002 1672 Tantumdem
1021 1656 1041 1690 ‚
1070 1618 1269 1697 atque
1296 1601 1389 1671 illi
1424 1627 1720 1673 summas
1750 1603 2008 1672 donare
2035 1601 2328 1688 curuleS,

554 1711 756 1783 Illum
784 1713 1181 1782 exercitibus
1214 1712 1650 1806 praeponere?
1683 1728 1869 1781 tutor
1901 1713 2134 1780 haberi
2213 1699 2224 1711 ⁶

550 1822 885 1918 Principis
914 1837 1194 1916 angusta
1222 1824 1638 1915 Caprearum
1669 1822 1738 1888 in
1771 1845 1940 1914 rupe
1970 1821 2262 1890 sedentis

552 1933 725 2000 Cum
756 1955 959 2024 grege
986 1929 1343 2000 Chaldaeo?
1378 1931 1499 1998 Vis
1533 1945 1714 1999 certe
1742 1928 1906 2024 pila,
1935 1930 2280 2010 eohorteS‚

553 2041 872 2133 Egregios
899 2040 1155 2132 equites
1180 2055 1247 2108 et
1280 2053 1498 2108 castra
1524 2039 1912 2110 domestica.
1941 2038 2200 2126 Quidni
2633 2054 2701 2118 95

554 2152 715 2219 Haec
735 2147 1004 2244 cupias?
1022 2163 1087 2217 et
1106 2201 1125 2234 ,
1152 2150 1269 2243 qui
1294 2147 1552 2219 nolunt·
1566 2148 1872 2218 occidere
1901 2172 2304 2242 quemquam
2321 2200 2342 2232 ‚

556 2382 711 2439 sibus
728 2379 1154 2437 ludis.-—Fama
1176 2391 1261 2436 est
1279 2380 1562 2455 plurimos
1577 2381 1947 2438 intersectum
1968 2379 2068 2450 iri;
2087 2379 2231 2452 quid
2243 2395 2438 2434 censes
2448 2379 2708 2433 3³—Nu1-

553 2477 673 2531 lum
694 2483 781 2529 est
800 2471 1045 2528 dubium
1067 2493 1081 2529 :
1111 2471 1347 2528 exardet
1372 2473 1578 2549 ingens
1605 2473 1899 2529 fornacula
1919 2514 1935 2543 ,
1969 2491 2082 2546 qua
2109 2469 2279 2526 multi
2307 2471 2704 2526 absumentur.

556 2565 706 2623 Mihi
730 2565 909 2622 modo
932 2565 1229 2622 Brutidius
1248 2565 1463 2622 amicus
1484 2585 1646 2626 meus
1665 2564 1923 2622 occurrit
1941 2579 2128 2640 prope
2145 2563 2350 2619 Martis
2365 2563 2564 2619 fanum
2577 2565 2707 2638 pal-

555 2655 707 2714 lidus
735 2675 800 2712 ae
830 2667 991 2712 metu
1020 2657 1331 2732 perculsus.
1366 2659 1558 2726 Quam
1585 2675 1812 2727 vereor,
1843 2677 1916 2714 ne
1941 2655 2243 2723 Tiberius,
2271 2655 2454 2711 instar
2482 2654 2706 2729 Aiacis,

555 2747 883 2824 promiscue
905 2748 973 2802 iu
991 2765 1190 2804 omnes
1212 2747 1479 2804 desaeviat
1492 2790 1509 2819 ‚
1537 2750 1789 2824 segniter
1809 2767 1870 2806 se
1890 2769 1922 2804 a
1943 2749 2220 2804 Romanis
2243 2747 2541 2804 defensum
2561 2767 2710 2804 eon-

554 2853 645 2898 tra
674 2839 869 2914 Sejani
894 2850 1133 2896 conatus
1174 2838 1424 2896 nefarios
1454 2839 1753 2897 dictitansl
1785 2843 2172 2914 Properemus
2197 2841 2337 2896 hine
2371 2839 2566 2897 statim
2585 2881 2604 2910 ,
2645 2851 2708 2898 et

553 2934 781 2989 hostem
809 2929 1059 2999 Tiberii,
1095 2929 1236 2985 dum
1267 2931 1457 2990 adhue
1484 2931 1549 2987 iu
1579 2933 1706 3004 ripa
1732 2931 1960 2988 Tiberis
1991 2933 2312 3006 insepultus
2338 2933 2527 3006 jacet,
2558 2951 2706 3007 pro-

556 3037 845 3081 teramus:
874 3021 979 3076 sed
1013 3021 1093 3075 ita
1128 3031 1346 3092 tamen,
1390 3033 1458 3076 ut
1498 3020 1688 3077 nostri
1719 3039 1828 3077 nos
1865 3024 2018 3078 servi
2061 3023 2409 3097 adspiciam,
2453 3043 2530 3080 ne
2575 3026 2708 3100 quis

556 3118 817 3191 ipsorum
840 3112 1109 3193 Sejanum
1132 3131 1164 3166 a
1184 3111 1356 3167 nobis
1378 3113 1656 3167 calcatum
1683 3131 1804 3168 esse
1823 3123 1997 3189 neget
2011 3153 2026 3184 ,
2052 3132 2118 3169 ac
2149 3114 2452 3172 dominum
2473 3129 2706 3172 accuset

556 3209 714 3284 apud
742 3208 1186 3281 imperatorem
1220 3215 1319 3260 aut
1350 3203 1729 3277 pavitantem,
1761 3203 1975 3278 injecto
2003 3205 2214 3262 cervici
2241 3207 2478 3282 laqueo,
2509 3207 2584 3263 ad
2603 3207 2706 3281 ju·-

557 3299 712 3356 dices
740 3297 827 3354 ire
850 3295 1263 3370 compellat.—
1280 3296 1359 3350 Ea
1390 3305 1527 3350 tunc
1553 3295 1626 3352 de
1653 3295 1864 3369 Sejano
1893 3297 2036 3352 clam
2052 3338 2068 3367 ,
2091 3299 2308 3372 palam,
2341 3298 2702 3358 dicebantur.

638 3408 735 3464 90.
777 3389 905 3444 Jam
930 3397 987 3442 te
1010 3385 1277 3455 consulo,
1307 3403 1600 3461 rogoque,
1633 3405 1772 3443 num
1801 3399 1868 3444 tu
1887 3387 2231 3445 honorificis
2243 3389 2355 3446 inis
2371 3391 2708 3449 nominibus

562 3478 841 3557 appeliari
866 3477 1032 3546 velis,
1068 3475 1278 3551 quibus
1310 3477 1552 3552 Sejanus
1577 3478 1966 3536 salutabatur?
1997 3491 2180 3537 tantas
2209 3499 2348 3556 opes
2377 3481 2674 3556 possidere
2691 3525 2708 3552 ,

562 3558 802 3649 quantas
818 3569 919 3625 ille
934 3567 1219 3624 habebat?
1244 3569 1369 3625 aliis
1392 3569 1532 3625 dare
1546 3569 1642 3643 jus
1663 3569 1914 3626 ferendae
1933 3571 2149 3628 curulis
2171 3573 2363 3629 selloe?
2389 3573 2514 3628 aliis
2541 3593 2712 3630 exer-

564 3663 785 3723 cituum
820 3661 1189 3736 praefecturas
1223 3659 1467 3736 largiri?
1508 3679 1711 3737 gerere
1745 3661 1908 3736 quasi
1946 3665 2182 3720 tutelam
2215 3663 2607 3738 imperatoris,
2645 3666 2710 3722 in

564 3753 799 3832 Capreis
814 3791 831 3823 ,
858 3751 1105 3808 obscura
1132 3763 1193 3808 et
1221 3753 1523 3826 scopulosa
1553 3753 1764 3826 insula,
1799 3755 2211 3826 delitescentis,
2248 3768 2422 3830 atque
2455 3761 2710 3816 astrolo-

560 3865 771 3928 gorum
794 3844 967 3900 turba
986 3844 1180 3919 stipati
1194 3845 1225 3900 i>
1238 3845 1527 3920 Equidem
1545 3865 1666 3904 uon
1685 3847 1913 3918 dubito,
1929 3849 2072 3922 quin
2092 3849 2372 3924 gauderes
2389 3849 2709 3910 admodum

442 3953 447 3958 “
558 3939 902 4018 pra-sectura
935 3935 1193 3992 cohortis
1213 3937 1606 4009 praetoriana,
1636 3950 1696 3994 et
1721 3939 2080 3996 delectorum
2105 3941 2396 4014 equitum,
2421 3943 2618 4016 quales
2643 3943 2708 3999 iu

556 4030 796 4092 urbanis
814 4027 1011 4086 castris
1038 4029 1112 4085 ad
1128 4039 1336 4084 nutum
1358 4049 1587 4105 semper
1603 4031 1904 4106 expeditos
1923 4031 2172 4088 habehat
2191 4033 2432 4106 Sejanus
2454 4055 2468 4090 ε
2489 4046 2548 4091 et
2565 4053 2708 4092 vero

562 4125 706 4204 quid
730 4139 913 4181 causae
932 4133 1104 4192 esset,
1129 4140 1234 4179 cur
1260 4141 1385 4178 non
1404 4123 1560 4180 hune
1585 4124 1874 4180 honorem
1897 4122 2181 4181 ambires?
2203 4125 2349 4194 Quis
2375 4145 2495 4183 nou
2520 4126 2712 4184 liben-
