3050 4884
818 357 1185 424 sA'rmA
1229 361 1616 428 DEcmA
1660 367 2060 449 Qum'rA.
2392 373 2515 460 37⁵

373 475 463 542 Et
491 497 630 544 sua.
667 475 996 564 Quisnam
1029 476 1385 550 hominum
1420 481 1683 552 veniam
1720 483 1910 572 date,
1950 487 2187 581 quisve
2216 490 2515 558 Deorum

374 582 650 653 Viribus
681 585 996 656 abnuerit
1027 585 1176 657 dira
1206 602 1408 682 atque
1443 590 1765 664 immania
1792 598 2030 692 passis,

370 694 461 762 Et
486 693 734 787 quihus
760 695 1030 766 illorum
1062 711 1380 791 poterant
1413 702 1767 796 ignoscere
1800 731 2060 796 manes,
2419 727 2517 782 ιώ

368 805 683 894 Quorum
711 808 1110 901 corporibus
1140 812 1637 883 vescebantur?
1672 815 1917 887 Melius
1944 844 2071 890 nos
2458 823 2465 830 “

365 915 658 986 Zenonis
692 933 1026 1012 praecepta
1065 936 1388 1010 monent3
1427 947 1557 994 nec
1590 927 1776 995 enim
1809 931 2071 1014 omnia,
2116 930 2417 1025 quaedam

367 1023 498 1092 Pro
521 1025 658 1096 vita
681 1024 991 1098 facienda
1018 1044 1214 1124 putat
1241 1055 1257 1100 ε
1294 1031 1408 1100 sed
1435 1035 1775 1105 Cantaber
1802 1037 1987 1108 unde

363 1134 662 1224 Stoicus,
697 1139 958 1232 antiqui
985 1140 1352 1233 praesertim
1377 1156 1567 1214 aetate
1588 1145 1897 1216 Metelli?

362 1246 570 1317 Nunc
595 1260 777 1316 totus
805 1249 1041 1318 Graias
1069 1264 1466 1346 nostrasque
1501 1254 1707 1324 habet
1742 1258 1931 1327 orbis
1959 1260 2277 1330 Athenas.
2412 1295 2433 1330 ι
2450 1296 2513 1328 ιο

364 1353 584 1424 Gallia
611 1356 980 1428 causidicos
1005 1358 1239 1429 docuit
1261 1360 1555 1431 facunda
1582 1365 1945 1436 Britannos
1974 1393 1991 1435 :

362 1465 468 1533 De
493 1465 939 1535 conducendo
967 1465 1268 1561 loquitur
1289 1470 1428 1562 jam
1461 1472 1737 1541 rhetore
1763 1474 2005 1545 Thule.

459 1573 722 1646 Nobilis
748 1574 858 1646 ille
885 1591 1116 1646 tamen
1145 1577 1472 1672 populuS,
1505 1605 1711 1674 quem
1746 1582 2074 1669 diximu83
2109 1600 2177 1652 et
2208 1609 2331 1679 par

361 1685 628 1756 Virtute
661 1701 861 1780 atque
887 1685 1061 1772 fide,
1096 1687 1212 1756 sed
1241 1689 1456 1780 major
1486 1689 1677 1759 clade
1699 1693 2045 1788 saguntus

360 1793 520 1864 Tale
547 1793 710 1889 quid
735 1811 1021 1866 excusat.
1049 1798 1366 1868 Maeotide
1393 1801 1631 1868 saevior
1656 1825 1771 1870 ara
2411 1841 2431 1874 ι
2448 1823 2507 1875 ,5

359 1907 732 2001 AEgyptus:
770 1908 1022 2002 quippe
1052 1905 1166 1976 illa
1195 1905 1470 1977 nefandi
1497 1911 1787 1978 Taurica
1808 1913 1982 1980 sacri

355 2017 702 2086 Inventi-ix
731 2017 1036 2086 homines
1063 2017 1190 2115 (ut
1208 2020 1384 2113 jam,
1427 2043 1577 2111 quae
1604 2020 1903 2088 carmina
1928 2019 2237 2106 tradunt,
2360 2103 2370 2106 ,

356 2128 581 2223 Digna
613 2127 746 2197 fide
777 2125 1052 2223 credas)
1085 2142 1348 2197 tantum
1381 2128 1714 2216 immolat,
1754 2129 2035 2217 ulterius
2064 2129 2159 2200 nil

353 2405 488 2446 suos
515 2387 686 2445 etiam
715 2403 925 2444 vorare
949 2405 1075 2444 non
1105 2386 1482 2446 dubitassent.
1511 2387 1659 2458 Quis
1690 2379 2029 2444 inor-talium
2056 2395 2155 2442 ant
2190 2387 2359 2443 etiam
2384 2385 2498 2442 im-

355 2480 688 2538 mort-lium
701 2519 720 2550 ‚
743 2480 974 2538 civibus
998 2491 1116 2536 tam
1149 2480 1400 2538 fortibus
1429 2491 1490 2537 et
1519 2480 1798 2536 inutantas
1822 2480 2097 2554 conjectis
2124 2477 2412 2555 angustias
2436 2477 2503 2534 id

353 2591 476 2630 non
513 2573 674 2630 ultro
707 2571 1060 2650 ignovisset?
1089 2575 1234 2648 Ipsoe
1263 2585 1635 2630 mortuorum
1674 2563 1903 2644 animai,
1940 2591 2193 2648 quorum
2219 2572 2495 2629 cadavera

351 2664 734 2738 laniabantur,
753 2663 932 2721 credo
949 2664 1062 2722 illis
1078 2665 1308 2722 veniam
1327 2675 1537 2743 sponte
1556 2665 1907 2723 munissent.
1936 2665 2225 2740 Equidem
2246 2662 2369 2720 scio
2385 2679 2495 2718 nos

349 2757 556 2814 melius
585 2754 882 2814 institutos
913 2774 1035 2814 esse
1057 2776 1094 2813 a
1123 2756 1316 2814 stoicis
1343 2756 1735 2832 philosophis,
1768 2767 1829 2814 et
1862 2775 2065 2814 eorum
2092 2753 2356 2831 principe
2385 2755 2497 2810 Ze·-

349 2869 508 2908 none
531 2889 552 2922 ‚
593 2843 698 2924 qui
735 2848 960 2906 tametsi
1004 2849 1286 2906 concedat
1325 2849 1412 2906 fas
1462 2868 1583 2906 esse
1623 2851 1885 2931 qnaedaln
1930 2869 2044 2926 pro
2086 2850 2207 2905 vita
2255 2865 2497 2904 conser-

351 2941 538 3000 vanda
585 2940 802 3013 sacae,
849 2960 972 2998 non
1013 2952 1206 3000 nmen
1245 2941 1443 2999 omnia
1483 2941 1661 3000 licere
1708 2953 1892 3019 putat.
1936 2945 2156 3001 'Verum
2194 2939 2497 3018 quomodo

351 3033 536 3094 Stoici
559 3051 684 3092 esse
712 3032 1048 3110 philosophi
1069 3035 1394 3111 potuissent
1417 3034 1725 3104 Cantabri,
1742 3035 2079 3110 prasertim
2112 3033 2339 3109 antiqui
2362 3033 2497 3086 Me-

351 3128 476 3186 telli
501 3125 800 3203 tempore?
821 3127 992 3185 Nunc
1019 3127 1186 3186 orbis
1221 3139 1380 3186 totns
1403 3127 1787 3204 philosophia
1820 3149 2017 3205 φησι
2043 3127 2261 3205 pariter
2284 3137 2345 3185 et
2369 3129 2499 3184 Ro-

349 3239 530 3278 mano
559 3219 865 3296 praecptis⁴
893 3219 1170 3278 abundat.
1203 3219 1613 3296 Eloquentiam
1637 3240 1670 3276 a
1696 3221 1877 3280 Gallis
1904 3219 2167 3280 facundis
2186 3222 2365 3300 Angli
2398 3223 2497 3280 di-

350 3315 638 3374 dicerunt.
687 3315 876 3374 Thule
921 3313 1048 3391 ipsa
1091 3314 1309 3392 cogitat
1357 3313 1665 3372 rhetoricas
1697 3315 2053 3391 professores
2098 3326 2261 3372 certo
2306 3313 2497 3391 pretio

349 3409 670 3466 conductos
692 3407 852 3483 apud
879 3425 942 3465 se
963 3425 1268 3466 arcessere.

435 3499 566 3557 113.
596 3501 886 3558 Vascones
921 3498 1124 3576 igitur,
1161 3499 1236 3558 de
1273 3499 1488 3574 quibus
1523 3499 1705 3556 modo
1749 3500 2019 3576 agebam,
2058 3510 2121 3557 et
2156 3499 2495 3575 Saguntini,

349 3590 562 3650 similes
584 3590 698 3648 illis
724 3589 1070 3651 fortitudine
1091 3601 1151 3648 et
1175 3587 1454 3648 fidelitate
1475 3591 1541 3646 in
1564 3591 1861 3648 Romanos
1877 3633 1896 3664 ‚
1928 3591 2064 3648 licet
2090 3589 2299 3664 majori
2326 3609 2501 3666 quam

349 3685 668 3754 Vascones,
698 3683 860 3742 clade
879 3683 1071 3742 affecti
1087 3725 1106 3754 ,
1135 3681 1452 3759 ejusmodi,
1479 3699 1623 3758 quas
1654 3683 1979 3746 memoravi
1992 3723 2011 3752 ‚
2034 3683 2500 3740 excusationibus

351 3775 440 3834 uti
477 3776 690 3834 merito
721 3788 996 3852 possunt3
1031 3794 1155 3835 non
1189 3775 1330 3834 item
1358 3777 1619 3853 AEgyptii
1636 3818 1651 3846 ‚
1690 3793 1944 3853 quorum
1980 3775 2289 3834 crudelitas
2316 3777 2503 3834 vincit

352 3867 766 3927 immanitatem
783 3869 1104 3926 incolarum
1129 3869 1475 3927 Chersonesi
1497 3869 1785 3938 Tauricas,
1816 3867 1972 3942 apud
1998 3885 2147 3942 quos
2172 3864 2378 3924 Dianae
2400 3883 2503 3924 ara

353 3981 540 4038 prope
557 3962 898 4020 Moeotidem
915 3963 1190 4038 paludem
1207 3963 1435 4022 visitur.
1457 3959 1553 4018 Illi
1574 3959 1729 4018 enim
1753 3947 1979 4017 cruenti
1998 3957 2263 4016 sacrificii
2284 3959 2499 4016 inven-

351 4067 510 4114 tores
545 4055 638 4133 (si
673 4055 864 4132 poetis
901 4055 1230 4134 credimus)
1277 4055 1547 4114 homines
1581 4051 1887 4108 immolant
1921 4050 2231 4121 duntaxat3
2267 4066 2389 4107 non
2428 4050 2498 4105 iis

349 4159 686 4222 vescuntur,
707 4167 896 4224 neque
911 4159 1180 4207 metuunt
1191 4148 1438 4206 victimas
1457 4145 1713 4204 infelices
1728 4163 1803 4204 ne
1819 4155 1956 4221 post
1974 4143 2207 4204 obitum,
2222 4143 2500 4200 funestius
