3050 4884
988 390 1366 455 SATIRA
1412 370 1823 459 naemu.
2385 419 2462 481 71

327 502 711 575 Messalinae
738 504 949 575 oculis
981 534 996 575 :
1029 508 1282 578 dudum
1312 510 1498 581 sedet
1538 510 1647 579 illa
1683 522 1913 605 parato

327 611 774 704 Flamme010,
808 619 1178 713 Tyriusque
1211 618 1430 715 palam
1462 620 1736 715 genialis
1767 624 1837 691 in
1863 623 2076 692 hortis

329 725 703 813 Sternitur,
729 743 797 798 et
820 728 953 798 ritu
983 728 1198 799 decies
1225 747 1508 802 centena
1542 732 1881 801 dabuntur
2368 747 2470 801 335

329 836 670 932 Antiqu03
698 840 921 907 veniet
943 865 1095 908 cum
1124 841 1578 965 signatoribus
1604 866 1871 937 auspex.

334 948 497 1016 Haec
521 964 597 1017 tu
622 964 911 1036 secreta,
937 964 1006 1019 et
1031 952 1258 1045 paucis
1285 952 1637 1021 commissa
1662 950 1986 1046 putabas?

339 1058 536 1142 Non,
565 1059 693 1128 nisi
721 1001 1048 1155 legitime,
1086 1059 1232 1130 vult
1263 1062 1561 1131 nubere.
1566 1061 1761 1171 quid
1792 1060 2091 1155 placeat,
2130 1060 2278 1129 dic
2258 1114 2279 1147 ‚

339 1168 430 1237 Ni
455 1192 692 1261 parere
719 1167 908 1256 velis,
938 1171 1364 1264 pereundum
1394 1172 1525 1240 erit
1552 1186 1711 1239 ante
1740 1170 2094 1239 lucernas:

337 1276 408 1343 Si
440 1276 654 1347 scelus
687 1279 1038 1367 admittas,
1065 1280 1337 1351 dabitur
1363 1307 1554 1351 mora
1580 1279 1894 1375 parvula,
1930 1281 2091 1350 dum
2120 1305 2225 1349 res
2373 1296 2475 1357 340

339 1387 520 1456 Nota
541 1389 712 1457 Urbi
737 1404 807 1458 et
830 1390 1084 1484 populo
1113 1391 1468 1485 contingat
1492 1416 1576 1486 pr
1578 1390 1815 1484 incipis
1839 1414 2053 1459 aures.

337 1485 643 1566 Dedecus
672 1498 782 1567 ille
811 1498 1052 1601 domus
1081 1500 1246 1583 sciet
1273 1498 1593 1569 ultimus:
1623 1500 1877 1569 interea
1903 1513 1975 1569 tu

341 1606 776 1701 Obsequere
760 1610 1085 1704 imperi03
1117 1610 1203 1679 sit
1229 1610 1400 1679 tanti
1430 1610 1569 1682 vita
1598 1609 1857 1679 dierum

343 1716 761 1787 Paucorum:
791 1718 1118 1812 quidquid
1155 1716 1388 1788 melius
1421 1717 1766 1815 leviusque
1802 1719 2088 1812 putariS,

342 1830 703 1900 Praebenda
728 1846 830 1900 est
851 1830 1070 1927 gladio
1099 1832 1380 1928 pulchra
1398 1833 1541 1901 haec
1568 1848 1639 1901 et
1666 1832 1956 1903 candida
1982 1832 2227 1903 cervix.
2379 1844 2481 1910 345

436 1978 536 1991 --
561 1940 678 2011 Nil
706 1965 864 2065 ergo
892 1942 1220 2036 optabunt
1247 1942 1602 2011 homines?
1628 1982 1721 1995 -
1751 1942 1819 2010 Si
1848 1941 2205 2011 consilium
2232 1941 2363 2024 vis,

344 2050 744 2120 Permittes
727 2052 883 2145 ipsis
907 2053 1277 2146 expendere
1304 2054 1729 2141 numinibus,
1760 2053 1929 2147 quid

345 2160 728 2229 Conveniat
753 2163 980 2249 nobis,
1011 2164 1342 2257 rebusque
1369 2164 1455 2232 sit
1481 2162 1643 2233 utile
1668 2164 1933 2233 nostris.

345 2385 544 2446 natus,
569 2376 872 2453 abripitur,
899 2390 964 2435 ut
985 2380 1048 2437 in
1080 2394 1394 2457 conspectu
1416 2381 1737 2444 Messalinae,
1760 2382 2083 2461 juguletur,
2116 2380 2165 2437 si
2192 2380 2313 2454 ejus
2334 2397 2491 2455 nup-

345 2466 448 2523 tias
479 2479 724 2543 respuat.
757 2472 1060 2545 Exspectat
1092 2473 1256 2529 illum
1281 2494 1500 2549 procax
1534 2475 1765 2543 mulier,
1791 2474 2037 2548 nuptiali
2063 2486 2221 2530 veste
2252 2472 2487 2543 induta,

345 2571 584 2635 paratur
607 2563 670 2619 in
693 2564 880 2621 hortis
913 2565 1144 2639 publice
1175 2587 1502 2644 purpureus
1537 2571 1747 2637 lectus,
1775 2568 2007 2644 praesidi
2034 2568 2365 2642 nuptiarum
2388 2586 2493 2643 ge-

345 2654 447 2711 nio
478 2673 670 2725 sacer;
700 2674 811 2730 pro
853 2657 992 2715 dote
1031 2669 1273 2715 centena
1307 2661 1739 2727 sestertiorum,
1787 2660 2031 2733 antiquo
2072 2678 2273 2730 more,
2310 2660 2491 2716 millia

345 2749 808 2805 numerabuntur
831 2770 844 2803 ε
878 2767 999 2805 non
1021 2750 1268 2807 deerunt
1293 2753 1583 2827 auspices,
1619 2764 1793 2827 atq-ue
1816 2754 2134 2827 signatores
2167 2749 2493 2807 tabularum

348 2849 406 2895 et
430 2848 780 2895 contractus.
810 2840 1100 2897 Credebas
1125 2844 1561 2900 matrimonium
1591 2842 1749 2899 istud
1780 2844 1923 2897 clam
1954 2840 2189 2915 agitari,
2218 2852 2277 2895 et
2301 2841 2495 2913 paucis

349 2930 594 2988 consciis
631 2931 986 3007 testibusque
1025 2933 1299 2991 adhibitis
1333 2956 1348 2991 :
1391 2935 1556 3010 atqui
1588 2932 1828 2994 servatis
1865 2931 2136 2989 omnibus
2176 2931 2399 3021 ¹23³&ss
2439 2942 2497 2988 et

347 3024 557 3081 ritibus
591 3024 978 3093 matrimonii,
1021 3026 1246 3082 nubere
1275 3027 1583 3082 Messalina
1625 3024 1887 3080 decrevit
1923 3046 1937 3078 :
1973 3033 2161 3079 tecum
2200 3024 2497 3098 expende,

353 3116 494 3187 Sili,
519 3116 664 3191 quid
695 3116 886 3193 eligas.
911 3117 978 3173 si
1005 3136 1232 3173 morem
1258 3134 1464 3193 gerere
1485 3115 1693 3173 abnuis
1708 3155 1725 3184 ‚
1748 3125 1998 3171 mortem
2025 3115 2166 3185 tibi,
2188 3126 2500 3189 antequam

353 3208 440 3263 sol
467 3207 726 3277 occidat,
757 3218 1014 3282 paratam
1040 3206 1186 3265 scito
1209 3228 1222 3263 ε
1248 3206 1297 3263 si
1331 3217 1493 3263 tanto
1521 3208 1737 3263 scelere
1777 3216 1834 3261 te
1870 3206 2185 3279 obstringis
2203 3247 2219 3277 ‚
2248 3225 2369 3261 non
2397 3206 2501 3263 diu

355 3298 557 3355 eodem
579 3300 876 3369 laetabere,
903 3299 1087 3357 donec
1109 3298 1384 3355 nimirum
1413 3297 1686 3353 facinoris
1706 3298 1826 3371 jam
1853 3308 1969 3353 tota
2002 3298 2231 3353 civitate
2260 3298 2499 3371 pervul-

356 3388 474 3466 gati
496 3381 645 3445 sima
677 3390 914 3447 Caesaris
951 3409 1117 3447 aures
1142 3389 1424 3446 allabatur
1447 3411 1459 3445 :
1491 3388 1588 3447 ille
1618 3389 1877 3445 omnium
1900 3401 2225 3463 postremus
2252 3386 2502 3446 inustam

357 3481 519 3537 domi
548 3501 662 3539 suae
698 3481 1076 3560 ignominiam
1104 3483 1324 3541 resciet.
1359 3484 1589 3539 Interea
1626 3466 1849 3539 morem
1878 3500 2047 3559 gere,
2092 3479 2231 3549 sili,
2278 3480 2327 3537 si
2359 3484 2505 3539 tanti

359 3573 598 3631 aestimas
629 3576 867 3632 brevem
901 3594 1136 3633 usuram
1176 3576 1319 3633 lucis
1359 3594 1424 3633 ac
1467 3575 1601 3632 vitae
1640 3598 1654 3632 :
1692 3572 1981 3651 quid‘quid
2024 3573 2257 3629 demum
2292 3584 2504 3635 statuas

357 3664 544 3721 levius
573 3678 631 3723 et
668 3666 776 3723 tibi
804 3667 1032 3737 utilius,
1064 3666 1334 3723 obeunda
1359 3686 1518 3724 mors
1554 3667 1694 3739 erit,
1727 3686 1793 3723 ac
1824 3678 1991 3722 tuum
2028 3664 2179 3721 illud
2208 3678 2381 3741 caput
2406 3688 2505 3725 ve-

359 3768 592 3815 nustum
622 3768 682 3815 et
708 3760 934 3836 elegans
965 3759 1158 3835 gladio
1200 3758 1630 3815 demetendum.

441 3850 577 3917 346.
619 3882 699 3893 —
721 3852 853 3906 Haec
875 3852 922 3908 si
945 3870 1004 3908 se
1031 3852 1110 3907 ita
1140 3853 1384 3919 habent,
1409 3850 1639 3925 inquiet
1665 3848 1895 3922 aliquis,
1931 3847 2075 3905 nihil
2097 3867 2237 3925 ergo
2264 3849 2375 3905 erit
2394 3869 2507 3924 op-

369 3941 606 3998 tandum
641 3942 993 3999 bominibus.
1033 3975 1112 3989 —
1149 3944 1213 3999 Si
1252 3942 1561 4000 consilium
1592 3949 1782 4016 petas,
1812 3942 1966 3997 Deos
2002 3940 2155 4015 ipsos
2195 3940 2511 4012 dijudicare

365 4034 551 4102 sines,
589 4033 733 4107 quid
773 4034 944 4091 nobis
983 4036 1251 4109 expediat
1292 4036 1625 4109 nostrisque
1662 4034 1908 4108 negotiis
1948 4034 2253 4091 conducat.
2291 4036 2405 4089 Pro
2442 4035 2511 4089 iis

371 4125 527 4183 enim
549 4126 724 4183 rebus
739 4169 758 4199 ,
779 4146 920 4203 quas
945 4128 1244 4203 voluptate
1269 4128 1430 4187 ducti
1450 4124 1907 4203 concupiscimus
1922 4164 1939 4197 ,
1968 4126 2139 4183 utiles
2159 4124 2511 4199 largientur;
