3050 4884
543 364 668 430 252
1039 399 1044 406 ·
1083 365 1168 431 D.
1213 364 1489 430 JUNH
1534 363 2103 429 IUVENALIS

535 479 955 574 Chrysippus
983 505 1124 550 non
1152 480 1329 548 dicet
1355 478 1537 547 idem
1556 529 1575 563 ,
1606 501 1736 546 nec
1768 477 1929 545 mite
1958 475 2251 545 Thaletis

536 588 924 683 Ingenium,
953 586 1268 681 dulcique
1297 611 1496 655 senex
1520 586 1783 654 vicinus
1810 589 2163 681 Hymetto,
2592 598 2687 653 18⁵

533 695 673 784 Qui
705 713 966 792 partem
1001 710 1293 790 acceptae
1326 719 1498 764 saeva
1526 693 1702 762 inter
1726 693 1951 764 vincla
1984 695 2221 764 cicutae

534 807 930 875 Accusatori
957 803 1163 874 nollet
1187 803 1366 872 dare.
1394 802 1693 872 Plurima
1714 803 1872 873 felix

535 913 866 984 Paulatim
902 899 1094 1002 vitia,
1125 928 1325 1006 atque
1349 935 1609 982 errores
1639 913 1824 980 exuit
1852 937 2121 1000 omnes,

533 1024 757 1092 Prima
793 1022 1046 1093 docens
1079 1027 1338 1092 rectum
1377 1021 1767 1115 Sapientia:
1805 1022 2059 1117 quippe
2098 1020 2342 1090 minuti

529 1135 812 1226 Semper
839 1147 908 1202 et
935 1133 1189 1202 infirmi
1216 1147 1318 1202 est
1343 1132 1553 1201 animi
1578 1131 1933 1226 exiguique
1962 1131 2271 1228 voluptas
2590 1165 2686 1217 190

507 1240 765 1311 Ultio.
799 1244 1125 1312 continuo
1153 1243 1250 1312 sic
1284 1240 1559 1336 collige,
1586 1241 1772 1335 quod
1794 1242 2089 1312 vindicta

529 1353 754 1424 Nemo
787 1352 1001 1448 magis
1031 1351 1311 1447 gaudet,
1341 1375 1545 1445 quam
1575 1350 1849 1421 femina.
1881 1355 2024 1422 Cur
2052 1368 2275 1422 tamen
2306 1353 2431 1422 hos
2462 1368 2535 1422 tu

531 1463 841 1531 Evasisse
867 1476 1095 1556 putes,
1123 1485 1292 1554 quos
1317 1460 1448 1529 diri
1473 1461 1740 1529 conscia
1767 1460 1928 1530 facti

533 1575 740 1658 Mens
768 1572 974 1642 habet
997 1574 1347 1659 attonitos,
1379 1587 1450 1641 et
1481 1571 1687 1641 surdo
1715 1573 1989 1642 verbere
2018 1573 2247 1661 caedit,

537 1681 901 1752 Occultum
930 1681 1270 1775 quatiente
1297 1685 1524 1752 animo
1554 1697 1809 1751 tortore
1835 1680 2214 1776 flagellum?
2592 1697 2685 1766 195

532 1795 740 1863 Poena
775 1807 1000 1862 autem
1033 1791 1425 1878 vehemenS‚
1466 1817 1547 1862 ac
1577 1789 1792 1860 multo
1824 1794 2065 1863 saevior
2100 1791 2263 1875 illis,

534 1899 722 1990 Quas
758 1917 828 1972 et
865 1901 1193 1972 Caedicius
1230 1903 1452 1998 gravis
1482 1903 1771 1989 invenit,
1811 1919 1879 1972 et
1906 1903 2489 1991 Rhadamanthus,

537 2013 762 2082 Nocte
793 2011 1034 2106 dieque
1059 2035 1256 2080 suum
1287 2025 1543 2106 gestare
1581 2011 1651 2080 in
1680 2027 1952 2105 pectore
1980 2027 2234 2081 testem.

627 2126 962 2214 Spartano
991 2119 1258 2190 cuidam
1294 2146 1541 2214 respon
1552 2119 1908 2217 diththia
1937 2138 2165 2210 vate3‚

533 2231 734 2301 Haud
766 2231 1178 2324 impunitum
1216 2231 1561 2325 quondam
1602 2232 1779 2319 fore,
1816 2231 2000 2326 quod
2038 2232 2376 2304 dubitaret
2585 2269 2685 2306 200

533 2436 666 2492 Non
694 2453 759 2492 ea
789 2452 954 2493 mens
977 2436 1292 2515 Chrysippi
1319 2449 1378 2496 et
1403 2439 1621 2510 oratio,
1662 2457 1785 2496 non
1815 2439 2071 2498 Thaletis
2098 2438 2352 2496 hominis
2374 2437 2686 2510 mitissimi3

533 2546 722 2604 neque
741 2529 892 2586 senis
914 2529 1066 2586 illius
1087 2549 1278 2605 prope
1293 2531 1643 2590 melliferum
1666 2543 1925 2590 montem
1944 2535 2281 2609 Hymettum
2298 2531 2447 2602 nati,
2476 2547 2685 2605 nempe

532 2621 814 2694 Socratis,
844 2622 946 2698 qni
968 2624 1285 2680 accusatori
1301 2643 1407 2682 suo
1433 2626 1775 2700 particulam
1796 2625 2043 2695 veneni,
2074 2643 2195 2700 quo
2220 2624 2283 2680 in
2304 2623 2439 2680 diro
2458 2641 2686 2680 carcere

533 2714 856 2770 exstinctus·
875 2723 960 2771 est
978 2755 994 2784 ,
1016 2714 1220 2791 largiri
1239 2715 1537 2773 noluisset.
1572 2719 1675 2775 Est
1695 2719 1808 2774 hoc
1832 2717 2216 2792 philosophiae
2239 2715 2455 2773 scilicet
2472 2713 2689 2773 benefi-

533 2804 714 2876 cium,
741 2825 868 2880 quae
889 2824 1005 2862 una
1028 2808 1123 2864 vel
1143 2807 1392 2865 maxime
1413 2807 1640 2865 confert
1656 2808 1733 2866 ad
1748 2807 1915 2865 beate
1930 2806 2250 2865 vivendum
2264 2847 2283 2879 ‚
2312 2817 2377 2863 ut
2398 2825 2525 2882 quae
2554 2815 2690 2862 sunt

533 2908 692 2954 recta
717 2895 926 2954 doceat
951 2899 1243 2969 homines,
1275 2910 1336 2956 et
1355 2918 1428 2957 ex
1461 2900 1701 2956 illorum
1722 2899 1929 2958 animis
1954 2899 2236 2956 vitiorum
2265 2899 2472 2956 sensim
2506 2908 2565 2957 et
2593 2917 2688 2956 er-

533 3007 738 3048 rorum
763 2987 1030 3046 omnium
1064 2979 1242 3046 fibras
1272 2991 1546 3067 extirpet.
1577 2996 1663 3049 Ac
1688 3010 1824 3049 sane
1850 3011 2024 3067 quam
2051 2991 2410 3048 imbecillum
2435 2992 2687 3048 animum

535 3092 593 3138 et
603 3080 880 3155 pusillum
891 3098 1122 3155 semper
1135 3093 1342 3157 arguat
1357 3084 1627 3158 voluptas
1639 3084 1901 3154 ultionis,
1912 3086 2007 3141 vel
2027 3103 2097 3140 ex
2118 3101 2189 3140 eo
2204 3083 2369 3141 facile
2386 3083 2688 3160 intelliges,

534 3174 698 3251 quod
717 3171 1054 3246 hujusmodi
1073 3174 1375 3249 voluptate
1397 3175 1671 3233 mulieres
1686 3176 2047 3251 potissimum
2075 3176 2381 3233 ducantur.
2406 3177 2561 3232 Cave
2594 3185 2685 3231 ta-

529 3285 668 3338 men
686 3278 852 3342 putes
869 3264 1166 3342 flagitiosis
1184 3265 1422 3342 impune
1443 3285 1595 3324 esse:
1616 3267 1999 3326 domesticum
2018 3267 2105 3324 illi
2122 3277 2409 3323 tortorem
2432 3265 2648 3322 habent
2667 3307 2684 3336 ,

531 3381 566 3419 a
595 3381 715 3436 quo
737 3361 894 3417 intus
927 3361 1272 3434 plectantur,
1297 3379 1505 3435 nempe
1525 3371 1781 3418 mentem
1812 3379 1968 3418 ream
1996 3371 2055 3417 et
2082 3359 2313 3418 sceleris
2340 3357 2689 3416 conscientia

533 3453 846 3528 trepidam,
877 3469 1004 3527 quae
1029 3468 1258 3527 semper
1285 3463 1342 3507 et
1363 3451 1644 3510 indefessa
1673 3453 1863 3510 surdis
1882 3443 2104 3530 ⁴flagelli
2134 3451 2478 3509 verberibus
2507 3451 2689 3508 lania-

533 3557 625 3604 tos
649 3546 835 3620 quatit
859 3556 918 3601 et
939 3543 1128 3600 caedit.
1160 3544 1368 3613 Nulla,
1399 3543 1546 3600 mihi
1576 3545 1780 3616 crede,
1810 3563 1981 3620 poena
2003 3544 2241 3622 gravior
2258 3544 2331 3600 ab
2354 3544 2540 3600 atroci
2568 3544 2689 3600 Cae-

531 3637 714 3709 ditio,
746 3640 838 3695 vel
871 3656 1080 3696 severo
1111 3625 1553 3696 Rhadamantho
1583 3638 1903 3715 excogitata
1926 3655 2185 3713 unquam
2216 3637 2356 3708 suit,
2391 3656 2563 3712 quam
2586 3655 2687 3713 ge—

533 3748 664 3788 rere
699 3730 761 3786 in
795 3731 926 3787 sinu
955 3749 1062 3788 sno
1091 3741 1291 3789 testem
1319 3731 1410 3788 sui
1448 3729 1679 3786 sceleris
1694 3771 1711 3802 ,
1760 3730 1863 3840 qui
1894 3731 1997 3789 diu
2024 3741 2317 3805 noctuque
2342 3729 2491 3786 illud
2516 3729 2689 3786 nobis

538 3821 777 3897 objiciat
805 3822 1186 3899 intentetque.

620 3933 750 3990 199.
793 3913 1258 3973 Lacedaemonius
1288 3915 1528 3991 quidam
1570 3913 1861 3991 cogitabat
1896 3912 2227 3988 depositum
2260 3912 2420 3987 apud
2454 3929 2516 3968 se
2546 3910 2688 3969 reti·

531 4025 674 4065 nere
696 4047 714 4078 ,
740 4009 806 4062 ac
835 4004 1180 4080 interposito
1209 4007 1380 4064 etiam
1401 4006 1785 4082 jurejurando
1814 4007 2139 4082 abnegare:
2174 4003 2475 4062 oraculum
2504 4003 2689 4078 Apol-

529 4099 668 4158 linis
693 4095 1014 4171 consuluit3
1033 4099 1298 4174 quaesivit
1322 4099 1468 4178 quid
1489 4111 1749 4160 censeret
1772 4098 2018 4158 Phoebus
2033 4139 2049 4172 ‚
2076 4117 2151 4156 an
2172 4095 2237 4154 id
2250 4094 2443 4154 facere
2468 4111 2685 4170 appro—
