3050 4884
605 374 728 451 144
1147 371 1232 433 D.
1285 368 1563 437 JUNII
1614 361 2185 433 IUVENALIS

597 488 865 554 Interea
897 500 1134 580 gustus
1164 484 1492 555 elementa
1523 508 1647 579 per
1678 483 1911 552 omnia
1943 498 2284 579 quaerunt,

597 597 984 689 Numquam
1015 597 1244 666 animo
1275 598 1509 691 pretiis
1539 595 1957 665 obstantibus
1988 620 2004 662 ε
2048 594 2331 663 interius
2360 594 2413 661 si
2680 604 2743 659 ιε

591 706 960 791 Attendas,
1005 708 1214 801 magis
1245 704 1356 775 illa
1383 708 1661 799 juvant,
1696 730 1844 799 quae
1874 702 2084 798 pluris
2118 718 2457 773 emuntur.

596 819 780 909 Ergo
813 817 995 886 haud
1024 816 1298 886 difficile
1327 832 1451 903 est,
1489 816 1863 909 perituram
1901 838 2233 881 arcessere
2260 836 2593 885 summam

599 929 940 997 Lancibus
972 930 1335 1023 oppositis,
1367 928 1473 996 vel
1505 929 1736 995 matris
1770 928 2059 1019 imagine
2088 926 2331 1014 fracta,

598 1038 687 1104 Et
715 1037 1218 1132 quadringentis
1259 1036 1480 1103 nuruis
1511 1035 1789 1103 condire
1826 1031 2133 1127 gulosum

597 1150 650 1213 F
654 1146 829 1217 ictile
858 1173 874 1215 :
915 1150 1010 1217 sic
1041 1147 1318 1215 veniunt
1352 1146 1437 1213 ad
1471 1142 1895 1213 miscellanea
1929 1141 2090 1211 ludi.
2679 1169 2745 1204 πο

695 1257 934 1326 Refert
966 1280 1162 1350 erg0,
1194 1256 1344 1349 quis
1371 1255 1517 1325 haec
1551 1253 1783 1322 eadem
1819 1266 2007 1347 paret
2033 1276 2049 1318 :
2084 1250 2154 1319 in
2184 1250 2419 1321 Rutilo
2448 1275 2607 1319 nam

597 1366 895 1435 Luxuria
924 1379 1052 1450 est,
1086 1366 1156 1433 in
1185 1365 1512 1433 Ventidio
1548 1359 1879 1432 laudabile
1908 1386 2155 1429 nomen

595 1476 846 1559 Sumit,
881 1489 950 1541 et
981 1498 1020 1540 a
1051 1497 1256 1541 censu
1287 1471 1535 1540 famam
1570 1472 1799 1541 trahit.
1838 1469 2038 1539 Illum
2070 1494 2193 1563 ego
2220 1470 2377 1562 jure

593 1585 1012 1678 Despiciam,
1045 1584 1160 1677 qui
1194 1583 1352 1667 scit,
1386 1599 1639 1675 quanto
1668 1582 2021 1651 sublimior
2048 1581 2233 1651 Atlas

597 1696 929 1764 Omnibus
960 1694 1030 1761 in
1066 1693 1277 1787 Libya
1312 1694 1400 1761 sit
1438 1694 1817 1779 montibus;
1857 1692 1971 1761 hic
2011 1708 2236 1760 tamen
2267 1690 2444 1759 idem
2680 1706 2743 1761 25

595 1808 910 1901 Ignorat,
944 1817 1270 1897 quantum
1305 1802 1555 1870 ferrata
1589 1802 1791 1869 distet
1821 1801 1904 1868 ab
1935 1827 2091 1871 arca

599 1914 938 1985 Saeculus.
981 1916 1040 1981 E
1075 1911 1238 1983 caelo
1266 1912 1649 1999 descendit,
1681 1917 1866 1985 Γνῶθι
1896 1916 2163 2001 σεαυτὸν,

600 2085 870 2141 vescitur.
893 2084 1136 2141 Interim
1155 2083 1341 2140 donec
1363 2095 1681 2159 suppetunt
1699 2085 1948 2155 nummi,
1972 2087 2117 2161 gulae
2140 2084 2501 2142 irritamenta
2516 2093 2575 2139 et
2592 2082 2749 2140 cibo-

601 2196 732 2233 rum
764 2176 994 2232 delicias
1011 2177 1074 2231 in
1098 2194 1260 2246 aere,
1288 2177 1462 2241 mari.
1489 2188 1641 2234 terra
1660 2218 1677 2249 ,
1706 2188 2133 2247 consectantur,
2156 2188 2217 2234 et
2237 2196 2307 2233 ex
2336 2176 2606 2232 omnibus
2630 2176 2750 2231 ele-

601 2270 810 2327 mentis
833 2278 1170 2345 corrogant;
1213 2287 1402 2343 neque
1431 2269 1601 2326 ullius
1632 2271 1804 2343 pretii
1836 2271 2262 2347 magnitudine,
2307 2279 2364 2325 et
2396 2268 2633 2325 caritate
2658 2267 2752 2323 ul-

599 2360 712 2416 lius
745 2359 974 2415 obsonii
1002 2358 1164 2433 quod
1193 2360 1304 2415 illis
1340 2362 1631 2429 arriserit,
1668 2362 2037 2419 deterrentur
2074 2364 2146 2419 ab
2175 2362 2451 2419 emendo:
2481 2359 2623 2434 quin
2645 2399 2662 2429 ,
2700 2358 2751 2413 si

603 2471 728 2508 rem
751 2450 1082 2527 diligentius
1103 2453 1392 2527 expendas
1412 2498 1427 2523 ,
1458 2474 1522 2511 ea
1555 2456 1767 2511 fercula
1792 2456 1971 2532 magis
2000 2475 2097 2512 eos
2125 2457 2409 2512 delectant
2427 2496 2444 2524 ,
2474 2470 2603 2527 quae
2626 2468 2751 2505 ma-

598 2544 717 2617 jori
760 2545 950 2617 pretio
980 2557 1339 2602 coemuntur.
1387 2550 1591 2621 Neque
1622 2568 1765 2605 vero
1792 2550 2107 2606 admodum
2135 2551 2431 2619 laborant,
2472 2544 2755 2621 quemad-

603 2636 842 2693 modum
882 2638 1182 2710 pecuniam
1224 2641 1369 2695 male
1411 2640 1768 2713 perdendam
1806 2654 2171 2718 comparent,
2220 2643 2435 2717 quippe
2477 2639 2580 2714 qui
2630 2655 2753 2693 non

606 2730 874 2786 dubitent
912 2748 1035 2785 eam
1068 2750 1097 2786 a
1129 2732 1517 2788 creditoribus
1561 2734 1841 2804 mutuari,
1876 2735 2021 2791 datis
2051 2736 2287 2811 pignori
2320 2733 2527 2809 patinis
2566 2729 2755 2787 aureis

605 2824 992 2901 argenteisve,
1019 2844 1086 2881 ac
1113 2826 1332 2900 reliqua
1355 2826 1669 2891 domestica
1692 2829 2059 2903 supellectili3
2082 2830 2324 2887 concisis
2347 2829 2513 2885 etiam
2538 2827 2754 2881 frusta—

606 2916 710 2971 tim
735 2928 792 2972 et
819 2918 1188 2975 comminutis
1215 2930 1518 2993 pareutum
1546 2940 1783 2977 suorum
1814 2922 2014 2978 statuis
2053 2945 2066 2979 ε
2096 2942 2283 2997 neque
2312 2932 2657 2979 cunctantur
2694 2917 2757 2973 iu

608 3026 788 3062 unum
813 3008 1054 3080 aliquod
1073 3009 1380 3066 obsonium
1405 3010 1569 3067 fictili
1592 3014 1801 3086 patinae
1822 3054 1839 3082 ,
1860 3014 2332 3089 quandoquidem
2366 3014 2491 3068 aliae
2522 3007 2759 3085 pignori

605 3110 742 3153 sunt
795 3097 938 3154 datae
961 3138 980 3166 ,
1024 3100 1358 3173 impositum
1383 3144 1399 3169 ,
1457 3106 1878 3181 quadringenta
1920 3106 2177 3163 sestertia
2222 3106 2574 3183 impendere.
2626 3111 2715 3163 Ita
2736 3148 2756 3179 ,

608 3189 892 3262 dissipatis
916 3190 1084 3245 brevi
1112 3190 1387 3261 fortunis,
1409 3215 1480 3252 eo
1499 3196 1819 3253 deveniunt
1841 3196 1934 3251 isti
1954 3198 2170 3272 gulosi,
2188 3210 2255 3254 ut
2276 3198 2588 3255 histriones
2610 3216 2755 3254 eva-

605 3280 745 3335 dant
761 3322 778 3349 ,
800 3300 866 3337 ac
887 3300 1192 3354 personam
1216 3284 1280 3339 in
1305 3286 1679 3343 miscellaneis
1698 3288 1848 3344 ludis
1880 3300 2069 3361 agant.

690 3391 723 3425 2
735 3390 784 3427 ι.
820 3374 1064 3429 Interest
1081 3374 1280 3448 igitur,
1297 3377 1427 3449 quis
1445 3380 1593 3434 laute
1608 3399 1671 3435 ac
1690 3379 1990 3457 splendide
2008 3392 2297 3439 vescatur:
2318 3382 2380 3439 id
2400 3384 2551 3439 enim
2570 3384 2619 3439 si
2638 3384 2755 3439 Ru-

609 3463 744 3519 tilus
761 3464 957 3535 faciat,
972 3467 1136 3523 luxui
1149 3478 1208 3523 et
1221 3468 1679 3543 intemperantiae
1698 3472 1927 3529 deditus
1947 3494 2065 3531 esse
2085 3475 2337 3546 dicetur3
2360 3476 2407 3531 si
2426 3476 2755 3545 Ventidius,

607 3556 846 3613 honeste
869 3578 936 3613 ac
957 3560 1324 3617 laudabiliter
1339 3582 1510 3639 agere
1532 3565 1968 3638 praedirabimr3
1992 3566 2260 3640 idemque
2278 3568 2481 3623 vitium
2496 3610 2513 3638 ,
2534 3570 2669 3641 quia
2688 3566 2756 3623 fit

609 3666 640 3700 a
668 3648 879 3719 divite,
905 3670 1119 3707 nomen
1143 3653 1374 3709 virtutis
1393 3654 1616 3711 induet.
1638 3657 1784 3711 Mihi
1812 3678 1954 3714 vero
1972 3660 2070 3715 ille
2096 3678 2295 3733 parum
2320 3678 2520 3734 sapere
2540 3660 2755 3716 merito

609 3739 934 3812 videbitur,
962 3745 1064 3817 qui
1083 3747 1242 3801 norit
1265 3758 1484 3820 quanto
1503 3748 1677 3805 altior
1700 3750 1905 3807 ceteris
1918 3752 2125 3807 Africae
2151 3754 2445 3808 montibus
2466 3753 2539 3807 sit
2560 3754 2757 3821 Atlas,

609 3850 797 3905 neque
811 3844 1003 3892 tamen
1015 3839 1154 3895 sciat
1169 3852 1450 3913 quantum
1463 3841 1537 3897 sit
1553 3841 1899 3899 discriminis
1914 3844 2068 3901 inter
2080 3845 2369 3919 ingentem
2386 3865 2575 3902 arcam
2593 3845 2753 3902 ferro

607 3925 889 3981 munitam
913 3969 929 3995 ‚
969 3942 1028 3985 et
1067 3932 1330 4007 exiguam
1366 3952 1713 3990 crumenam.
1758 3938 2033 3993 Praeclara
2068 3939 2161 3993 illa
2192 3958 2309 3994 vox
2345 3950 2401 3993 et
2434 3940 2755 4010 sententia,

614 4016 809 4071 Nosce
833 4028 887 4071 te
905 4021 1119 4093 ipsum,
1146 4043 1178 4077 e
1199 4027 1341 4080 coelo
1363 4024 1437 4081 ad
1459 4046 1567 4083 nos
1592 4028 1831 4085 demissa
1856 4042 1970 4101 est3
1995 4041 2225 4105 oportet
2250 4030 2403 4086 illam
2434 4032 2563 4087 altis
2592 4051 2755 4088 men·

605 4110 757 4165 tibus
782 4132 1063 4187 reponere
1076 4157 1092 4188 ,
1115 4117 1382 4192 illiusque
1403 4138 1629 4195 semper
1648 4122 1976 4179 meminisse
1990 4164 2008 4195 ,
2030 4142 2131 4181 seu
2156 4123 2369 4181 ducere
2384 4142 2637 4184 uxorem
2652 4144 2759 4182 co·
