3050 4884
895 370 1002 437 IN
1047 370 1516 437 SATIRAM
1561 368 1957 438 NONAM.
2414 372 2495 447 4¹

427 468 570 525 Nor.
617 472 736 541 139.
775 476 990 541 Quando
1012 492 1102 541 ego
1119 473 1322 539 aliquid
1324 474 1516 543 figam,
1541 472 1679 527 forte
1698 475 1949 545 captabo.
1974 488 2273 545 consequar
2288 472 2311 542 (
2322 484 2384 525 ut
2400 471 2513 524 fere

355 568 458 607 nos
477 556 684 607 cnidon
707 554 959 623 dicimus)
974 567 1037 607 ut
1053 555 1371 628 metaphora
1391 574 1424 609 a
1444 557 1793 611 venatoribus
1818 558 1989 630 petita
2012 557 2109 619 sit,
2126 557 2223 629 qui
2236 557 2376 609 feras
2395 555 2515 608 telis

353 638 596 692 confixas
619 641 858 712 capiunt.
877 659 896 685 ι
934 640 1066 694 Hac
1086 639 1376 712 explicatio
1406 651 1463 693 et
1487 640 1785 713 simplicior
1813 653 1897 694 est
1920 641 2137 707 ceteris,
2164 654 2221 695 et
2243 638 2429 711 lepida
2459 650 2516 692 et

355 722 646 793 ambigua:
669 742 796 777 nam
823 724 1080 777 obscteno
1113 741 1331 795 quoque
1370 740 1533 775 sensu
1564 724 1691 795 capi
1722 735 1919 795 potest.
1955 724 2095 777 Tale
2129 735 2309 777 autem
2346 738 2517 794 genus

355 803 575 859 dicendi
608 817 664 859 et
699 808 950 871 satirico,
983 820 1037 861 et
1065 808 1118 861 N
1123 806 1293 861 avolo
1331 804 1535 859 drauco
1566 806 1837 861 convenit.
1882 807 2040 861 conf.
2084 808 2221 861 Var.
2260 808 2408 859 Lect.
2440 834 2515 847 -

355 888 564 941 Tamen
584 890 692 942 alia
707 890 906 943 referre
924 890 1074 943 libet.
1093 890 1318 944 Veteres
1333 890 1432 943 ubi
1453 902 1581 946 vota
1602 891 1973 963 concepissent
1984 931 1999 955 ,
2018 903 2281 964 concepta
2298 889 2515 944 tabellis

355 970 753 1026 inscribebant:
774 973 852 1026 ita
875 972 1187 1045 conscripta
1209 972 1526 1043 signabant3
1544 975 1831 1047 obsignata
1850 974 2148 1045 affigebant
2164 975 2391 1029 deorum
2410 986 2518 1027 sta·

356 1052 466 1106 tuis
481 1092 497 1119 ,
515 1072 610 1107 seu
635 1054 891 1127 genibus3
917 1074 982 1110 ea
1000 1054 1144 1109 enim
1161 1054 1553 1109 misericordia
1574 1055 1727 1113 sedes
1752 1070 2068 1111 consecrata
2086 1069 2185 1112 est.
2212 1057 2521 1131 Affigebant

358 1148 542 1191 autem
569 1156 718 1206 cera,
749 1152 912 1211 atque
937 1140 1048 1193 Sat.
1071 1140 1126 1192 X
1148 1157 1162 1191 ε

729 1238 928 1297 Propter
950 1251 1052 1297 qum
1078 1234 1148 1282 fas
1169 1242 1238 1282 est
1260 1250 1409 1298 genna
1433 1238 1641 1283 incerare
1662 1236 1871 1283 deorum.
2393 1238 2483 1283 En.

359 1349 432 1361 —
444 1326 553 1389 Quo
567 1323 634 1373 sit
653 1324 780 1373 mihi
792 1336 897 1374 tuta
914 1336 1130 1373 senectus
1146 1342 1182 1373 a
1201 1336 1357 1391 tegete
1377 1338 1424 1376 et
1440 1328 1616 1377 baculo
1630 1364 1646 1391 ,
1674 1344 1785 1397 quo
1810 1324 1867 1377 in
1896 1335 2168 1378 senectute
2186 1336 2337 1378 tutus
2360 1324 2463 1378 sim
2490 1342 2523 1377 a

359 1404 722 1460 mendicitate.
748 1412 950 1477 Tegeae,
974 1408 1222 1478 tugurio,
1247 1406 1374 1461 vide
1391 1409 1463 1462 ad
1481 1410 1558 1476 V,
1580 1410 1630 1462 8.
1654 1413 1839 1463 Baculo
1856 1409 2255 1475 mendicorum3
2273 1422 2521 1463 nostrum

359 1495 642 1545 Bettelstab.
664 1492 840 1546 Simili
863 1491 1186 1564 metaphora
1211 1494 1496 1547 Terentius
1527 1492 1701 1547 dixit:
1730 1518 1753 1539 ι
1772 1493 1915 1547 Mihi
1941 1512 2069 1548 vere
2098 1512 2181 1548 res
2210 1492 2281 1547 ed
2317 1505 2521 1547 rastros

361 1573 578 1642 redit,-
605 1576 804 1629 Heaut.
829 1577 904 1641 V,
945 1592 992 1637 ι,
1029 1577 1114 1631 58.

426 1674 567 1727 Nor.
613 1679 711 1736 140
747 1690 858 1745 seq.
898 1673 1080 1725 Multo
1115 1692 1264 1729 nunc
1297 1673 1486 1747 plura,
1525 1693 1691 1748 quam
1720 1692 1841 1747 qua
1880 1693 1912 1727 a
1950 1672 2297 1727 mendicitate
2334 1672 2514 1745 ipsum

359 1755 570 1827 possint
594 1768 774 1808 tutum
807 1768 1060 1827 prestare
1077 1796 1091 1821 ,
1118 1756 1223 1809 sibi
1257 1771 1409 1830 optat
1446 1760 1498 1811 N
1501 1760 1702 1811 aevolus
1722 1776 1737 1810 :
1760 1776 1881 1829 quae
1903 1768 2029 1811 sunt
2059 1770 2185 1812 vota
2214 1757 2303 1810 vel
2328 1755 2519 1810 stolidi

357 1838 596 1893 bominis
627 1838 792 1910 (vide
825 1838 896 1892 ad
929 1858 1008 1893 vs.
1036 1844 1132 1905 64,
1169 1841 1302 1912 65);
1337 1842 1426 1895 vel
1457 1842 1639 1895 mollis
1668 1860 1732 1895 ac
1760 1840 2007 1906 delicati,
2038 1842 2158 1912 qui,
2192 1842 2249 1893 in
2276 1840 2376 1894 tali
2404 1859 2519 1895 oevo

361 1942 428 1977 ac
458 1924 580 1979 vitae
618 1944 841 1997 genere,
863 1925 1156 1978 multarum
1182 1945 1351 1998 opum
1373 1944 1661 1998 rerumque
1683 1924 1923 1997 indigen
1952 1924 2041 1979 vel
2070 1923 2304 1996 denique
2326 1924 2519 1990 faceti,

358 2006 455 2079 qui
491 2005 726 2060 ridicula
757 2008 1049 2080 ineptaque
1073 2009 1360 2063 hominum
1386 2022 1515 2063 vota
1548 2009 1809 2062 imitatur.
1854 2008 2128 2062 Posterior
2163 2008 2305 2061 ratio
2331 2008 2521 2063 ceteris

360 2102 616 2161 proestare
645 2089 881 2145 videtur.
911 2091 1054 2143 Hinc
1082 2103 1134 2143 et
1158 2110 1306 2158 mox,
1334 2111 1414 2146 vs.
1453 2094 1554 2156 146
1586 2110 1696 2163 seq.
1718 2090 1902 2164 lepide
1923 2090 2058 2144 dicit
2076 2092 2330 2145 Naevolus
2347 2109 2361 2144 t
2380 2094 2521 2162 siff-

362 2174 500 2223 ciem:
526 2174 652 2238 boec,
682 2178 882 2243 quando
898 2211 916 2235 ,
957 2174 1431 2246 quandoquidem,
1467 2176 1754 2248 quoniam,
1789 2192 1908 2247 quae
1935 2172 2072 2227 dura
2107 2173 2206 2226 fati
2230 2174 2519 2227 necessitas

361 2268 446 2309 est
461 2296 476 2323 ,
497 2276 589 2325 ego
605 2276 803 2327 pauper
819 2278 904 2309 ero
920 2278 940 2309 .·
953 2272 1124 2309 votum
1143 2261 1445 2322 miserabile,
1467 2276 1556 2309 nec
1568 2279 1675 2329 spes
1693 2260 1767 2309 his
1785 2260 1977 2319 saltem,
1992 2274 2062 2309 ne
2080 2256 2278 2309 horum
2294 2255 2519 2327 quidem

361 2358 484 2411 spes
513 2341 648 2393 mihi
682 2354 788 2405 est,
825 2343 1015 2409 Viginti
1048 2343 1204 2393 millia
1238 2341 1637 2409 sestertiorum,
1657 2344 1843 2411 fenus,
1879 2340 2073 2395 fencris
2096 2340 2219 2394 loco
2240 2342 2377 2395 mihi
2408 2342 2516 2395 sol-

360 2422 540 2476 venda
558 2443 660 2497 pro
685 2436 831 2477 sorte
854 2424 1024 2478 feneri
1059 2422 1216 2491 data,
1243 2424 1359 2478 scil.
1384 2423 1607 2496 quando
1634 2422 1837 2495 figam?
1946 2485 1957 2497 ¹

435 2570 574 2619 Vsu.
619 2577 735 2625 141.
771 2568 1055 2635 Pignerr‘bus
1083 2586 1180 2635 pro
1208 2568 1510 2635 Pignoribus,
1548 2579 1609 2627 14
1627 2604 1641 2627 ,
1674 2572 1739 2617 23
1757 2606 1771 2631 ,
1797 2578 1847 2617 et
1870 2568 2107 2615 Priscian.
2138 2567 2227 2616 lib.
2256 2567 2359 2629 VI,
2389 2584 2516 2631 quos

367 2662 602 2716 sequutus
621 2669 746 2701 sum.
765 2653 844 2701 Sic
861 2654 1149 2717 plerumque
1160 2651 1434 2716 pignerare
1453 2652 1534 2717 (ut
1552 2668 1701 2715 supra
1718 2654 1849 2710 VII,
1872 2653 1937 2711 73
1958 2648 2009 2715 ),
2029 2661 2077 2697 et
2093 2651 2259 2699 ubivis
2280 2650 2520 2719 oppigne-

365 2751 482 2783 rare
497 2735 736 2799 scriptum
755 2736 971 2799 reperies
988 2735 1044 2783 in
1060 2734 1202 2783 libris
1223 2744 1341 2781 antt.
1367 2734 1510 2783 Cous.
1532 2734 1593 2782 ad
1611 2736 1688 2782 XI
1705 2771 1719 2795 ,
1738 2744 1824 2791 4ο.

437 2830 579 2883 Nor.
614 2835 731 2892 141.
757 2832 1048 2898 Pt‘gnm'bus
1061 2830 1238 2897 positis
1256 2867 1271 2891 ‚
1291 2826 1432 2879 datis
1445 2828 1581 2880 mihi
1601 2846 1632 2880 a
1654 2824 2021 2893 debitoribus,
2043 2838 2106 2879 ut
2120 2838 2370 2879 caverent
2385 2828 2522 2882 mihi

365 2912 436 2967 de
465 2914 698 2985 pecunia
721 2925 909 2965 mutua
939 2930 972 2965 a
995 2930 1084 2965 me
1112 2924 1352 2983 accepta.
1387 2913 1473 2964 En
1495 2910 1743 2984 lepidum
1763 2908 2066 2975 hominem,
2094 2908 2184 2962 cui
2214 2928 2327 2962 non
2352 2909 2519 2965 modo

366 3015 588 3069 magna,
615 2994 706 3049 sed
733 3008 788 3049 et
823 3007 970 3048 certa
1002 2996 1236 3067 pecunia
1255 2995 1310 3047 in
1335 2996 1533 3068 optatis
1568 2994 1676 3049 est!
1696 3026 1763 3035 -
1782 2995 1992 3062 Argenti
2000 2996 2121 3062 puri
2140 2996 2162 3063 (
2182 3005 2245 3045 ut
2264 2994 2344 3058 X,
2378 3012 2443 3061 ¹9
2468 2994 2519 3061 ),

363 3098 477 3131 non
516 3078 716 3145 caelati,
751 3098 846 3132 seu
881 3078 1081 3151 asperi,
1113 3078 1228 3132 sine
1263 3077 1486 3149 sigillis,
1531 3088 1595 3129 ut
1623 3073 1770 3148 apud
1804 3076 1917 3129 Cic.
1958 3077 2113 3129 Verr.
2154 3076 2256 3139 IV,
2296 3096 2389 3139 n,
2413 3076 2512 3135 23.

364 3164 470 3217 nisi
502 3165 691 3230 malis,
730 3163 845 3217 sine
877 3164 1084 3229 scoria,
1121 3175 1183 3216 ut
1209 3182 1388 3213 aunam
1407 3180 1593 3229 purum
1635 3158 1784 3233 apud
1816 3160 1955 3214 Plin.
1988 3160 2275 3226 XXXIII,
2318 3166 2351 3223 4
2377 3172 2433 3212 et
2464 3163 2516 3216 6.

362 3246 511 3300 Illud
534 3247 694 3301 etiam
712 3266 865 3315 grave
891 3245 1091 3301 dicitur
1113 3246 1256 3299 infra
1277 3246 1391 3310 XI,
1418 3252 1478 3309 41
1502 3262 1518 3298 :
1542 3271 1563 3291 α
1583 3246 1877 3317 Argentum
1898 3262 2061 3315 grave
2089 3248 2199 3297 sinc
2218 3244 2334 3296 ullo
2356 3264 2519 3317 opere

360 3342 418 3383 et
437 3330 651 3384 nomine
675 3329 896 3383 artificis
912 3354 964 3395 ,n
993 3327 1118 3381 Seu.
1140 3330 1345 3399 Tranq.
1367 3348 1452 3381 an.
1476 3347 1595 3401 cap.
1626 3348 1648 3381 1
1666 3368 1679 3394 ,
1710 3328 1809 3381 ubi
1826 3328 1915 3383 vel
1946 3330 2088 3399 Lips.
2135 3332 2375 3389 Vascula,
2400 3347 2515 3397 quoe

1210 3467 1302 3485 m
1305 3467 1669 3487 mmm

435 3582 455 3609 ¹
493 3580 568 3626 Ita
593 3578 794 3624 Prateus
810 3576 914 3637 jam
947 3574 1049 3624 hoc
1072 3575 1280 3623 verbum
1308 3589 1392 3621 ex·-
1481 3572 1605 3636 quid
1654 3588 1709 3620 ac
1756 3582 1947 3620 certum
1989 3568 2116 3617 mihi
2156 3580 2363 3620 statuam
2379 3606 2394 3632 ,
2434 3574 2515 3621 vel

358 3656 550 3723 plicuit.
588 3658 746 3703 Vetus
781 3654 942 3703 Schol.
983 3676 1006 3699 ιι
1055 3653 1361 3703 Constituam
1375 3688 1390 3713 ,
1479 3664 1635 3701 certas
1670 3650 1866 3700 divitias
1898 3649 2043 3699 vobis
2086 3650 2401 3712 adjutoribus
2432 3670 2514 3702 ac·

358 3752 682 3801 componam,
709 3735 950 3783 habeam:
980 3744 1062 3782 aut
1089 3746 1247 3795 certe,
1276 3734 1392 3799 quia
1480 3734 1689 3797 quirem.
1712 3754 1735 3774 ι
1778 3732 1833 3781 C.
1866 3730 2093 3778 Valesius
2124 3748 2135 3777 :
2177 3731 2375 3780 habebo
2396 3767 2411 3791 ,
2456 3744 2512 3781 nt

357 3816 418 3863 in
442 3816 568 3863 ceris
594 3826 705 3863 vota
713 3812 980 3883 finguntur
1011 3814 1146 3879 apud
1179 3814 1388 3879 templa:
1479 3815 1545 3873 V,
1586 3827 1684 3872 12;
1710 3808 1858 3878 finge
1888 3826 1982 3874 pro
2008 3825 2169 3875 pone,
2203 3809 2345 3861 habe.
2380 3814 2511 3863 Rut-

361 3905 448 3945 aut
477 3894 712 3955 babeam,
735 3892 825 3941 ubi
847 3910 1097 3955 maneam,
1125 3904 1210 3941 aut
1239 3908 1388 3957 supra
1479 3891 1671 3957 gei-sius
1695 3894 1815 3938 Ver.
1848 3892 1978 3938 Lect.
2000 3892 2065 3950 V,
2106 3891 2136 3939 5
2159 3926 2173 3950 ,
2210 3888 2359 3954 figam
2400 3902 2513 3940 vota

357 3974 496 4039 quod
535 3973 820 4022 incumbam
853 3990 1020 4023 senex.
1049 3996 1072 4017 a
1111 3972 1337 4021 Lnbinus
1373 3990 1384 4020 :
1481 3988 1569 4019 seu
1614 3986 1848 4031 voveam,
1886 3970 2001 4019 vide
2046 3968 2111 4017 ad
2149 3972 2201 4017 X
2224 4005 2239 4031 ,
2287 3970 2371 4018 55.
2413 3972 2512 4020 Sed

357 4076 384 4096 κ
407 4055 714 4105 Constituam
741 4090 756 4115 ‚
800 4070 1098 4119 componam
1120 4089 1136 4113 ,
1177 4052 1386 4101 mbeam
1481 4066 1703 4115 qizaenam
1740 4066 1801 4100 cx
1830 4050 1910 4101 bis
1940 4048 2218 4099 rationibus
2245 4064 2351 4096 non
2386 4050 2509 4098 dura

356 4150 478 4185 men
499 4134 760 4185 centennis
789 4134 1097 4198 presidium3
1123 4130 1281 4181 fixum
1301 4132 1388 4179 ali·
1480 4131 1589 4178 est?
