3050 4884
867 335 1251 402 SATIRA
1293 327 1691 402 DECIMA
1738 337 2092 405 SEXTA.
2429 337 2557 419 423

402 449 853 520 Excusaturos
885 477 1026 521 non
1059 451 1502 526 sollicitemus,
1521 453 1798 523 amicos.

493 559 600 626 Da
626 573 899 648 testem,
935 560 1145 656 judex
1175 585 1387 654 quum
1422 561 1712 650 dixerit3
1751 563 1989 632 audeat
2020 559 2160 651 ille,

397 668 647 739 Nescio
675 672 858 766 quis,
895 697 1160 768 pugnos
1187 673 1306 766 qui
1335 671 1542 760 vidit,
1584 671 1843 764 dicere,
1868 675 2071 744 Vidi?
2494 698 2561 750 30

395 781 486 846 Et
514 780 784 849 credam
815 781 1097 876 dignum
1133 782 1342 850 barba
1373 781 1799 878 dignumque
1828 785 2085 880 capillis

399 889 740 984 Majorum
772 917 790 960 ε
825 893 1022 962 citius
1056 889 1300 962 falsum
1337 892 1719 986 producere
1748 910 1985 966 testem

397 1003 658 1071 Contra
683 1028 1022 1099 paganum
1055 1005 1301 1100 possiS‚
1337 1029 1541 1100 quam
1571 1031 1725 1076 vera
1757 1004 2153 1102 loquentem

400 1114 656 1182 Contra
691 1113 1038 1185 fortunam
1069 1117 1309 1186 armati
1344 1131 1717 1211 contraque
1750 1117 2104 1212 pudorem.

499 1224 784 1295 Praemia
811 1249 996 1295 nunc
1023 1225 1184 1312 alia,
1217 1241 1417 1322 atque
1449 1226 1579 1297 alia
1606 1227 2065 1299 emolumenta
2095 1244 2408 1300 notemus
2491 1247 2557 1299 35

403 1335 1038 1408 Sacramentorum:
1074 1335 1448 1407 convallem
1484 1339 1660 1408 ruris
1688 1339 1854 1409 aviti

403 1447 802 1541 Improbu5‚
841 1461 960 1517 aut
988 1472 1302 1543 campum
1337 1449 1504 1518 mihi
1540 1450 1595 1518 si
1626 1450 1889 1520 vicinus
1923 1451 2214 1539 ademit,

402 1557 494 1623 Et
531 1580 798 1627 sacrum
836 1558 1080 1630 effodit
1111 1560 1336 1630 medio
1370 1559 1456 1630 de
1490 1559 1700 1630 limite
1726 1586 1996 1647 saxum,

403 1662 608 1750 Quod
640 1691 787 1736 mea
816 1692 975 1738 cum
1001 1667 1229 1738 vetulo
1261 1668 1473 1740 coluit
1508 1669 1660 1766 puls
1696 1695 1923 1740 annua
1958 1671 2135 1760 lih03

404 1775 694 1845 Debitor
717 1791 833 1847 aut
861 1792 1164 1874 sumptos
1194 1782 1415 1876 pergit
1453 1805 1595 1850 non
1629 1779 1918 1850 reddere
1946 1803 2223 1868 numm,
2493 1797 2561 1855 4ο

401 1881 595 1954 Vana
623 1890 1017 1982 supervacui
1050 1889 1282 1960 dicens
1319 1891 1775 1987 chirographa
1808 1890 1973 1986 ligni
2002 1917 2021 1962 ε

404 1997 908 2092 Exspectandus
937 1999 1097 2088 erit,
1133 2001 1254 2096 qui
1289 2000 1437 2071 lites
1465 2002 1776 2086 inchoet,
1805 2027 2023 2071 annus

407 2107 642 2179 Totius
675 2110 957 2206 populi;
993 2113 1112 2182 sed
1143 2127 1310 2182 tunc
1339 2139 1609 2209 quoque
1644 2112 1827 2184 mille
1866 2113 2144 2184 ferenda

407 2217 666 2308 Taedia,
697 2219 878 2292 mille
905 2247 1156 2312 morae3
1201 2223 1396 2294 toties
1425 2222 1739 2295 subsellia
1771 2240 2039 2295 tantum
2095 2257 2105 2266 ·

403 2454 569 2514 nium
583 2499 602 2530 ‚
629 2459 881 2518 audeat?
909 2461 1132 2519 Omitte
1156 2462 1340 2538 igitur
1363 2462 1677 2540 lacrymas3
1707 2463 1833 2538 noli
1858 2461 2073 2520 amicos
2098 2481 2309 2540 urgere
2322 2503 2343 2535 ‚
2372 2461 2475 2538 qui
2502 2471 2563 2520 te

405 2549 672 2628 rogaturi
701 2550 846 2621 sint,
883 2562 952 2608 ut
979 2570 1040 2610 se
1067 2552 1278 2610 habeas
1306 2566 1627 2612 excusatos.

489 2657 584 2716 29.
625 2643 827 2713 Quum
848 2643 1032 2718 judex
1053 2655 1257 2704 testem
1281 2646 1537 2722 proferri
1556 2657 1753 2722 petet,
1784 2646 1973 2704 adduc
1999 2647 2278 2721 aliquem,
2312 2643 2485 2700 etiam
2512 2642 2563 2699 si

402 2725 554 2794 ictin
571 2754 908 2814 pugnorum
933 2739 1130 2796 militis
1157 2741 1220 2796 in
1250 2751 1353 2799 tuo
1377 2752 1637 2798 recentes
1666 2759 1770 2796 ore
1793 2738 2037 2809 viderit,
2070 2736 2369 2794 sevidisse
2391 2734 2559 2792 affir-

403 2837 696 2886 maturum
714 2827 739 2884 Ρ
759 2831 884 2905 Ego
907 2849 1049 2886 vero
1065 2869 1086 2902 ,
1109 2830 1161 2886 si
1185 2832 1316 2906 quis
1345 2833 1421 2889 sit
1447 2831 1763 2906 ejusmodi,
1790 2833 1945 2888 hunc
1973 2829 2215 2907 dignum
2242 2827 2561 2901 majoribus

404 2919 653 2991 nostris,
683 2922 896 2997 quibus
923 2923 1105 2980 barba
1133 2923 1440 2998 capillique
1477 2923 1725 2992 intonsi,
1745 2922 2041 2999 judicabo.
2084 2925 2290 2998 Longe
2312 2919 2563 2986 facilius,

403 3012 550 3071 mihi
582 3015 779 3085 crede,
818 3016 991 3074 salsus
1027 3015 1184 3074 testis
1207 3015 1272 3070 in
1303 3014 1490 3073 civem
1517 3026 1781 3092 togatum
1807 3014 2163 3088 invenietur,
2192 3033 2365 3090 quam
2388 3031 2561 3070 verus

403 3107 469 3166 iu
492 3107 762 3179 militem,
789 3109 894 3184 qui
927 3109 1050 3185 ejus
1071 3107 1334 3166 fortunas
1364 3119 1463 3164 aut
1485 3107 1696 3164 famam
1719 3109 1909 3164 laedat.

484 3200 581 3262 35.
625 3201 1034 3277 Expendamus
1073 3203 1182 3260 alia
1219 3221 1342 3258 non
1381 3221 1561 3276 pauca
1610 3200 1892 3258 militibus
1941 3208 2302 3256 sacramento
2349 3196 2563 3256 coactis

403 3312 670 3353 concessa
709 3297 1101 3354 emolumenta
1141 3306 1198 3352 et
1239 3293 1564 3370 privilegia.
1606 3291 1671 3352 si
1706 3294 1931 3350 vicinus
1966 3307 2219 3367 nequam
2256 3301 2315 3347 et
2356 3309 2563 3346 avarus

405 3387 643 3445 abstulit
683 3387 860 3458 mihi,
894 3389 990 3446 vel
1020 3405 1292 3462 campum
1317 3389 1585 3463 planum,
1626 3387 1717 3444 vel
1759 3404 1963 3463 agrum
1992 3385 2240 3441 collibus
2272 3381 2560 3450 cinctum,

403 3497 440 3536 a
469 3479 788 3554 majoribus
817 3481 964 3539 mihi
995 3482 1266 3540 relictum
1293 3503 1310 3539 ε
1351 3481 1399 3538 si
1431 3479 1655 3538 emovit
1683 3479 1937 3556 lapidem
1975 3477 2339 3536 terminalem
2368 3486 2428 3532 et
2466 3494 2564 3532 sa-

405 3590 600 3642 crum,
626 3591 800 3648 quem
828 3571 1004 3632 certis
1034 3573 1326 3632 sacrificiis
1346 3615 1363 3643 ‚
1408 3575 1629 3650 pultem
1656 3593 1723 3630 ac
1753 3574 2040 3650 placentas
2072 3569 2185 3646 ipsi
2219 3571 2525 3645 imponens
2542 3609 2559 3636 ,

407 3681 660 3722 veneror
685 3666 1028 3740 quotannis3
1063 3667 1114 3724 si
1139 3667 1375 3724 debitor
1404 3677 1579 3743 negat
1606 3665 1751 3722 mihi
1776 3666 2082 3724 restituere
2108 3674 2371 3734 mutuos,
2406 3681 2441 3717 a
2467 3679 2561 3717 me

409 3775 556 3830 quos
601 3758 822 3833 accepit
853 3776 1094 3828 numos,
1129 3769 1190 3816 et
1219 3757 1671 3836 chirographum
1689 3801 1706 3829 ‚
1740 3759 1903 3834 quod
1946 3757 2127 3832 ipsius
2170 3774 2347 3812 manu
2370 3773 2560 3830 appo-

407 3848 584 3906 situm
610 3849 699 3906 illi
715 3851 964 3908 ostendo
978 3891 998 3922 ‚
1020 3851 1225 3908 falsum
1248 3869 1368 3908 esse
1385 3850 1649 3908 dictitat:
1684 3851 1803 3907 haec
1818 3890 1837 3921 ,
1862 3851 2131 3926 inquam,
2152 3848 2200 3906 si
2225 3846 2381 3924 apud
2404 3837 2560 3919 judi-2

407 3961 502 4004 ces
537 3945 808 4020 persequi
833 3945 1042 4014 velim,
1083 3946 1531 4022 exspectandum
1566 3945 1678 4002 erit
1714 3944 1903 4004 donec
1932 3963 2119 4002 annus
2160 3954 2319 4003 totus
2357 3941 2558 3999 litibus

402 4035 611 4114 populi
633 4035 1005 4113 impendatur
1027 4038 1385 4112 judicandis,
1413 4050 1723 4115 antequam
1752 4057 1875 4097 mea
1904 4038 2249 4096 inchoetur:
2282 4036 2387 4094 ubi
2411 4053 2554 4091 vero

408 4143 635 4207 tempus
679 4128 1016 4204 advenerit,
1057 4141 1352 4190 sexcentas
1387 4149 1583 4190 moras
1619 4151 1685 4190 ac
1730 4131 1899 4191 taedia
1938 4131 2199 4208 perferre
2239 4111 2555 4205 oportebii.
