3050 4884
908 369 1255 438 SATIRA
1299 371 1685 440 DECIMA
1730 376 2130 460 QUARTA.
2453 384 2580 456 305

430 485 720 554 Gratum
760 500 895 573 est,
940 485 1124 582 quod
1154 487 1389 580 patriae
1420 488 1636 574 civem
1669 491 2062 590 populoque
2099 496 2376 589 dedisti,
2519 537 2590 590 7⁰

428 597 503 667 Si
528 595 726 684 facis,
762 610 843 666 ut
872 597 1105 692 patriae
1133 599 1219 667 sit
1246 598 1566 684 idoneus,
1600 599 1782 671 utilis
1808 606 2022 698 agris,

424 706 629 778 Utilis
668 723 735 778 et
768 707 1105 778 bellorum
1142 724 1209 778 et
1246 711 1431 803 pacis
1468 711 1664 780 rebus
1704 714 1996 806 agendis.

422 817 798 888 Plurimum
815 819 996 887 enim
1018 820 1349 906 intererit,
1372 821 1618 915 quibus
1639 824 1925 912 artibuS,
1950 839 2018 894 et
2033 827 2284 920 quibus
2299 829 2487 902 hunc
2511 848 2586 902 tu

424 929 737 1000 Moribus
768 930 1079 1000 instituas
1110 955 1127 998 z
1167 947 1479 1026 serpente
1507 933 1768 1003 ciconia
1801 932 2022 1028 pullos

422 1039 695 1125 Nutrit,
734 1054 803 1109 et
832 1041 1109 1109 inventa
1147 1065 1267 1136 per
1299 1041 1498 1110 devia
1535 1067 1693 1112 rura
1729 1041 1982 1114 lacerta
2013 1073 2031 1114 ε
2207 1099 2214 1108 .
2515 1067 2587 1138 7⁵

421 1146 537 1224 Illi
557 1150 787 1219 eadem
818 1151 1053 1220 sumtis
1078 1166 1393 1246 quaerunt
1418 1151 1734 1222 animalia
1757 1154 2004 1247 pinnis,

419 1256 691 1346 Vultur,
712 1260 1025 1352 jumento
1051 1275 1120 1329 et
1146 1260 1423 1330 canibus
1446 1262 1898 1358 crucibusque
1935 1263 2209 1354 relictiS,

414 1367 527 1438 Ad
563 1369 737 1440 fetus
770 1386 1131 1465 properat,
1169 1385 1570 1468 partemque
1607 1371 1948 1442 cadaveris
1975 1375 2197 1447 affert.

412 1479 545 1549 Hic
573 1495 672 1550 est
693 1506 857 1576 ergo
883 1481 1072 1550 cibus
1098 1481 1327 1574 magni
1352 1506 1625 1577 quoque
1649 1482 1937 1553 vulturis
1965 1501 2034 1554 et
2061 1513 2132 1556 se

414 1591 785 1680 pascentis,
812 1591 1093 1685 propria
1118 1615 1329 1686 quum
1352 1591 1493 1686 jam
1525 1590 1693 1661 facit
1715 1593 1960 1662 arbore
1991 1595 2210 1666 nidos.
2507 1616 2582 1668 80

412 1700 544 1770 Sed
569 1699 867 1794 leporem
890 1714 1007 1769 aut
1030 1725 1339 1795 capream
1364 1701 1634 1772 famulae
1659 1705 1698 1770 J
1703 1704 1849 1773 ovis
1879 1718 1946 1772 et
1973 1730 2314 1800 generosae

412 1814 497 1880 In
532 1809 705 1882 saltu
737 1826 1074 1881 venantur
1100 1835 1253 1882 aves
1286 1838 1303 1881 τ
1347 1811 1510 1881 hinc
1537 1811 2005 1906 praeda'cubili

414 1920 737 2006 Ponitur;
774 1921 933 1990 inde
968 1936 1197 1990 autem
1215 1974 1235 2009 ‚
1274 1947 1487 2016 quum
1518 1945 1589 1990 se
1617 1937 1886 1991 matura
1912 1921 2148 1993 levarit

412 2029 806 2126 Progenies,
844 2028 1229 2099 stimulante
1258 2028 1470 2113 fame,
1510 2028 1786 2097 festinat
1821 2027 1906 2096 ad
1937 2027 2154 2119 illam,

409 2137 633 2228 Quam
664 2139 959 2233 primum
988 2135 1283 2231 praedam
1312 2151 1517 2230 rupto
1547 2149 1929 2230 gustaverat
1960 2161 2116 2210 ovo.
2503 2159 2578 2212 85

508 2248 905 2320 AEdificator
927 2261 1071 2316 erat
1100 2247 1503 2333 Cetronius,
1533 2259 1602 2314 et
1635 2244 1842 2314 modo
1873 2269 2086 2316 curvo

410 2363 643 2432 Litore
675 2362 951 2448 Caietae,
988 2382 1249 2429 summa
1280 2381 1467 2426 nunc
1489 2354 1764 2425 Tiburis
1795 2379 1980 2442 arce,

356 2621 365 2632 ·
403 2597 561 2656 vitiis
587 2606 881 2654 carentem
917 2595 1153 2652 domum
1188 2603 1348 2650 tuam
1375 2590 1532 2649 filius
1565 2592 1874 2668 adspiciat!
1899 2591 2107 2650 Patriae
2138 2602 2197 2650 et
2227 2592 2560 2668 reipublicae

398 2692 619 2766 placet,
656 2688 808 2744 bene
852 2697 968 2757 est,
1010 2685 1173 2761 quod
1208 2686 1262 2743 ei
1296 2685 1483 2742 civem
1521 2683 1865 2755 donaveris;
1902 2685 2084 2741 modo
2121 2693 2315 2742 tamen
2348 2683 2562 2744 efficias

399 2779 746 2842 educatione
765 2779 952 2853 proba
967 2820 984 2849 ,
1010 2788 1081 2834 ut
1099 2777 1429 2852 reipublicae
1450 2776 1526 2832 sit
1542 2774 1728 2848 utilis,
1756 2794 1822 2832 ac
1843 2775 1939 2831 vel
1966 2773 2227 2832 colendis
2251 2776 2433 2852 agris,
2465 2780 2563 2834 vel

405 2869 722 2932 tractandis
734 2869 891 2945 pacis
904 2869 1119 2926 bellive
1144 2868 1366 2926 artibus
1386 2867 1636 2924 idoneus
1659 2867 1911 2925 exsistat.
1944 2866 2039 2924 Ad
2061 2867 2212 2923 banc
2233 2885 2356 2924 rem
2375 2887 2560 2943 porro

399 2964 569 3022 valde
591 2963 805 3022 referet
825 2961 1037 3037 quibus
1056 2961 1219 3018 illum
1244 2971 1309 3016 tu
1328 2959 1650 3034 disciplinis
1667 2958 2037 3036 quibusque
2019 2959 2298 3016 institutis
2320 2960 2556 3022 formes.

398 3057 595 3114 Pullos
628 3053 919 3132 anguibus
954 3055 1117 3110 alunt
1170 3071 1237 3110 ac
1282 3049 1648 3109 stellionibus
1701 3069 1809 3128 per
1844 3051 2048 3110 devios
2089 3069 2260 3127 agros
2309 3057 2557 3130 repertis

398 3149 681 3207 ciconiae:
709 3147 825 3220 illi,
860 3166 1042 3223 quum
1071 3145 1177 3203 alis
1212 3143 1485 3202 instructi
1520 3142 1772 3217 fuerint,
1811 3143 2078 3202 eumdem
2105 3144 2304 3202 cibum
2335 3149 2558 3222 quaeri..

397 3251 538 3298 tant.
572 3241 853 3297 Vultur-es
890 3237 1161 3314 abjecta
1142 3256 1206 3294 m
1238 3236 1393 3314 agris
1426 3253 1715 3311 equorum
1749 3245 1808 3294 et
1835 3254 2077 3308 cauum,
2113 3248 2216 3294 aut
2247 3239 2556 3299 hominum

396 3350 669 3408 suspensa
696 3350 729 3388 e
756 3328 1033 3407 patibulis
1063 3329 1344 3387 cadavera
1370 3327 1620 3399 laniant,
1649 3347 1716 3385 ac
1742 3327 1926 3386 frusta
1952 3329 2125 3404 pullis
2151 3329 2509 3404 deportant·
2489 3352 2554 3390 ιιι

394 3422 567 3481 nidos
610 3444 625 3479 z
662 3422 825 3480 illinc
870 3423 1053 3500 igitur
1100 3441 1340 3498 quoque
1384 3421 1650 3482 vultures
1690 3421 1912 3480 victum
1949 3432 2289 3498 comparant
2304 3464 2323 3494 ,
2369 3442 2550 3499 quum

334 3555 341 3566 .
392 3515 643 3594 grandes
688 3533 951 3586 evasere,
991 3525 1049 3572 et
1083 3513 1201 3588 jam
1236 3532 1344 3589 per
1388 3533 1449 3572 se
1493 3515 1644 3592 pasti
1688 3515 1861 3574 nidos
1905 3515 1971 3573 in
2018 3515 2232 3573 arbore
2268 3517 2550 3590 peculiari

391 3615 716 3666 exstruunt.
754 3607 834 3662 At
854 3604 1019 3662 Jovis
1043 3602 1297 3661 ministri
1322 3605 1485 3666 alites
1510 3606 1717 3682 aquilae
1738 3648 1755 3677 ‚
1792 3618 1849 3664 et
1875 3623 2010 3663 aves
2041 3605 2166 3662 aliae
2192 3603 2547 3682 nobiliores,

390 3699 759 3760 venationem
790 3715 900 3773 per
942 3716 1185 3754 nemora
1234 3710 1542 3771 exercent,
1585 3700 1934 3774 leporesque
1975 3707 2076 3752 aut
2114 3715 2344 3772 capreas
2389 3703 2550 3759 exci-

386 3794 576 3871 piunt,
594 3811 736 3870 quas
750 3792 1014 3850 inferunt
1028 3790 1216 3863 nidis;
1238 3809 1271 3849 e
1291 3793 1503 3868 quibus
1522 3811 1704 3868 quum
1722 3790 1979 3849 evolavit
1990 3789 2066 3847 ad
2079 3791 2330 3865 praedam
2352 3794 2550 3855 adulta

387 3886 643 3956 soboles,
664 3885 875 3942 famem
906 3883 1301 3942 stimulantem
1323 3885 1461 3942 illa
1442 3905 1568 3961 ipsa
1590 3884 1738 3959 dape
1758 3881 1951 3955 sedat,
1975 3901 2150 3957 quam
2166 3881 2336 3978 initio
2353 3899 2546 3962 gusta-

384 3977 507 4053 vit,
524 3997 705 4055 quum
729 3997 802 4036 ex
826 3995 943 4035 ovo
966 3977 1223 4055 primum
1243 3980 1473 4036 exclusa
1494 3988 1599 4035 est.

468 4070 565 4128 86.
607 4067 919 4128 AEdifimre
942 4069 1253 4128 Cetronius
1272 4071 1527 4142 amabat,
1547 4080 1606 4127 et
1619 4087 1775 4126 nunc
1793 4067 1855 4123 in
1881 4069 2158 4126 Caietano
2175 4069 2376 4142 litore,
2387 4090 2548 4132 nunc

384 4162 445 4218 in
464 4162 711 4221 collibus
740 4161 1071 4220 Tiburtinis
1084 4203 1100 4233 ‚
1122 4173 1227 4218 aut
1243 4162 1306 4218 in
1328 4161 1694 4219 Praeuestinis
1713 4160 2012 4218 montibus
2028 4160 2195 4219 villas
2210 4164 2544 4223 exstruebat

550 4255 645 4320 ΙΙ.
2177 4275 2262 4317 20
