3050 4884
4 4025 13 4348 .„.-.————----
5 3985 7 4014 .-
5 3963 7 3974 -
5 3949 7 3954 -
5 3911 7 3932 -.

574 367 699 455 284
894 380 1231 446 VARIAE
1276 378 1862 444 LECTIONES
1911 379 2036 442 ET
2085 375 2387 444 NOTAE

572 493 868 560 167—196.
892 525 959 536 -—
975 495 1257 565 Exquisita
1288 494 1558 546 variarum
1583 509 1762 546 rerum
1783 488 2134 544 similitudine
2159 487 2482 551 ostenditur,
2507 495 2707 558 qwuittt⁴

574 576 645 628 sit
688 581 871 633 Romae
918 599 1129 633 morum
1172 579 1495 650 corruptela.

638 674 777 731 Nor.
822 681 936 729 162.
977 675 1307 746 «Equicolis
1335 673 1389 725 in
1424 674 1583 726 Italia
1607 687 1659 727 et
1685 671 1910 742 Alpibus
1933 708 1949 733 ,
1979 671 2034 722 in
2067 669 2284 722 natione
2311 666 2703 726 Medullorum,

568 768 647 807 eat
682 777 850 828 genus
881 777 1059 831 aquo,
1095 776 1258 829 quam
1298 757 1391 829 qui
1432 756 1626 808 bibunt
1646 795 1661 820 ‚
1699 753 2013 806 efficiuntur
2051 748 2286 822 turgidis
2324 749 2657 821 gutturibus,
2682 767 2703 790 ι

571 838 783 893 Vitruv.
812 842 975 906 vm,
1004 842 1055 903 3,
1080 852 1214 894 extr.
1240 841 1397 912 Conf.
1436 840 1576 892 Plin.
1603 838 1706 900 xl,
1732 837 1822 906 37.
1839 854 1932 888 seu
1951 835 2038 896 68,
2060 834 2248 903 ibique
2271 830 2442 886 Hard.

640 935 775 989 Nor.
820 936 933 990 163.
974 937 1090 988 Hoc
1116 955 1223 988 non
1242 935 1376 988 alibi
1398 934 1573 1004 legere
1591 931 1827 986 memini.
1853 931 2040 1000 Pomp.
2066 929 2272 980 Melam
2293 925 2500 980 consuli
2517 924 2707 995 jubent

566 1016 741 1090 intpp.
766 1017 863 1072 sed
890 1020 1081 1073 vellem
1102 1021 1151 1090 ej
1158 1038 1219 1072 us
1243 1020 1423 1072 locum
1444 1016 1752 1069 laudassent
1768 1054 1782 1075 ‚
1803 1031 1960 1084 quem
1985 1010 2228 1064 nondum
2245 1009 2436 1082 reperi.
2455 1037 2524 1048 --
2542 1005 2710 1060 Nulla

568 1104 715 1172 apud
739 1118 1013 1168 auctores,
1040 1123 1176 1175 quos
1198 1105 1471 1163 consului.
1504 1104 1668 1174 hujus
1697 1100 1894 1153 fabulae
1915 1096 2146 1162 mentio;
2173 1094 2309 1148 illud
2335 1104 2542 1146 tantum
2563 1087 2710 1161 apud

567 1185 769 1240 Melam
804 1188 946 1250 Vidi·
981 1187 1079 1240 lib·
1110 1187 1229 1251 111,
1254 1206 1371 1259 cap.
1398 1204 1469 1256 9:
1501 1185 1786 1240 «reminas
1811 1200 1924 1236 esse
1955 1190 2176 1234 narrant
2207 1191 2322 1231 toto
2351 1192 2576 1248 corpore
2597 1172 2709 1224 hir-

568 1281 713 1322 sutas
717 1311 826 1325 ......
855 1270 991 1324 adeo
1014 1271 1217 1343 asperis
1240 1271 1535 1343 efferisque
1559 1270 1796 1322 moribus
1813 1307 1829 1330 ‚
1854 1281 1914 1321 ut
1937 1265 2180 1339 quaedam
2204 1260 2496 1323 contineri,
2525 1277 2594 1311 ne
2627 1273 2707 1310 re·

566 1349 870 1420 luctentur,
902 1355 992 1408 vix
1019 1354 1249 1408 vinculis
1280 1367 1523 1427 possunt.
1541 1379 1564 1401 ι
1590 1354 1696 1406 En.
1727 1382 1796 1394 -
1825 1353 1907 1403 De
1930 1355 2108 1400 Meroe
2127 1345 2238 1402 vid.
2269 1343 2338 1397 ad
2365 1343 2472 1408 VI,
2497 1341 2618 1392 528.
2642 1368 2711 1379 --

573 1437 847 1490 Mamilium
878 1436 1212 1490 feminarum.

639 1613 774 1660 Van.
820 1612 933 1660 165.
973 1611 1034 1658 Ee
1054 1611 1187 1660 abest
1212 1611 1275 1660 ab
1302 1613 1380 1672 15,
1410 1621 1489 1669 ²3-
1508 1639 1580 1649 --
1603 1609 1854 1660 Madiama
1873 1645 1890 1674 ,
1912 1625 1999 1658 aa.
2017 1636 2086 1646 -
2115 1608 2254 1670 Cyro,
2277 1623 2355 1668 17,
2381 1621 2462 1664 ao.
2483 1599 2712 1650 madidos

566 1702 865 1755 torquentem
896 1693 945 1740 ἰπ
978 1709 1163 1742 cornua
1198 1695 1347 1742 cst-ros
1380 1695 1578 1744 emend.
1612 1697 1810 1744 Salmas.
1846 1695 1901 1741 in
1931 1694 2085 1759 Epist.
2113 1692 2175 1740 de
2209 1691 2376 1742 Coma.
2413 1688 2532 1738 Non
2559 1677 2709 1734 male!

573 1776 758 1823 Durior
780 1787 909 1824 certe
929 1776 1109 1825 dictio:
1130 1787 1432 1844 torquentem
1452 1794 1643 1826 cortina
1663 1795 1691 1826 e
1711 1776 1914 1826 madido
1940 1776 2082 1824 cir-ro.

644 1867 784 1919 Nor.
818 1871 933 1932 164,
967 1869 1081 1922 165.
1112 1872 1302 1920 Coemla
1328 1873 1566 1920 Germani
1587 1872 1794 1929 lumina,
1821 1867 2077 1921 caeruleos
2095 1865 2281 1918 oculos
2305 1865 2714 1924 Germanorum,

574 1950 761 2020 quales
784 1962 833 2002 et
852 1951 937 2004 his
958 1965 1011 2004 et
1034 1952 1304 2005 Britannis
1329 1955 1688 2023 omnibusque
1705 1971 1854 2023 paene
1871 1969 1940 2022 po
1949 1949 2090 2020 pulis
2104 1961 2373 2020 septemtr.
2391 1966 2482 1999 seu
2505 1942 2718 2016 Scythis

572 2033 913 2099 tribuuntur3
941 2035 1089 2107 quod
1108 2035 1413 2089 Aristoteles
1434 2036 1615 2089 Probl.
1639 2035 1794 2096 XIV,
1818 2041 1900 2097 14,
1922 2045 2127 2085 uaturae
2145 2033 2336 2086 vitium
2357 2048 2468 2082 esee
2488 2024 2721 2099 putabat

574 2129 629 2169 et
651 2118 863 2188 frigoris
884 2119 1137 2172 effectum
1154 2159 1169 2185 ,
1193 2120 1283 2172 alii
1307 2139 1434 2172 vero
1458 2119 1560 2172 arti
1585 2119 1923 2191 potissimum
1952 2116 2199 2168 tribuunt
2222 2127 2273 2168 et
2301 2115 2500 2186 glasto.
2533 2128 2642 2181 quo
2661 2125 2717 2160 se

576 2198 844 2252 colorasse
874 2201 1159 2253 Britannos
1187 2201 1407 2255 tradunt
1431 2201 1612 2253 Caezar
1646 2203 1704 2252 Β.
1743 2201 1809 2254 G.
1845 2201 1917 2263 V;
1946 2199 2083 2252 Ptin.
2124 2199 2318 2253 xxu.
2364 2212 2444 2258 ῐῐ,
2471 2207 2524 2246 et
2547 2192 2717 2246 Solin.

577 2297 695 2352 cap.
724 2279 818 2342 35,
848 2281 994 2335 unde
1014 2281 1173 2335 etiam
1196 2288 1329 2334 Bn'eh
1362 2297 1415 2338 et
1430 2287 1586 2352 pictos
1611 2285 1779 2348 Mart,
1797 2283 1955 2346 XIV,
1982 2299 2068 2350 99,
2094 2301 2184 2334 eos
2204 2279 2313 2334 dici
2331 2291 2537 2353 putant.
2557 2275 2716 2330 conf.

576 2360 752 2434 intpp.
772 2364 906 2416 Tac.
926 2363 1107 2417 Germ.
1126 2371 1175 2428 4,
1196 2379 1248 2418 et
1264 2367 1409 2418 Mart
1428 2367 1510 2418 XI
1527 2405 1543 2431 ,
1569 2365 1653 2428 54,
1680 2385 1725 2429 13
1748 2367 2050 2419 Mitschcrl.
2072 2364 2142 2418 ad
2165 2365 2353 2418 Horat.
2374 2361 2550 2435 Epod.
2567 2359 2720 2423 XVI,

579 2463 630 2515 7,
656 2457 708 2498 et
732 2446 988 2518 Conring.
1013 2451 1079 2500 de
1099 2449 1317 2501 habitus
1340 2467 1627 2522 corporum
1653 2441 1958 2504 Germanic.
1987 2449 2216 2512 caussis,
2242 2447 2375 2499 Frft.
2408 2462 2556 2516 ¹7²7·
2580 2461 2632 2514 p.
2653 2441 2716 2493 81

580 2549 689 2603 seq.
710 2535 897 2601 Stupuit
912 2534 1114 2597 Iumina,
1130 2532 1242 2587 vid.
1270 2533 1340 2586 ad
1358 2535 1464 2597 IV,
1490 2553 1509 2586 ι
1522 2552 1602 2602 19.
1619 2565 1687 2574 —
1710 2537 2193 2607 Caesammflavam,
2214 2532 2380 2594 ξανθὴ-ν
2401 2529 2715 2598 (ΙιοσΙιδΙοηᾰ,

573 2617 803 2682 goldgelb
820 2617 842 2685 >
860 2653 874 2674 ,
902 2615 1186 2668 Germanis
1214 2617 1493 2688 Gallisque
1520 2617 1770 2670 tribuunt
1803 2616 2022 2670 Diodor.
2039 2617 2124 2680 -V,
2155 2617 2254 2679 283
2283 2613 2485 2667 Herod.
2511 2613 2609 2675 IV,
2635 2630 2717 2674 υ,

576 2708 631 2750 et
659 2697 753 2748 alii
770 2697 952 2765 (unde
975 2703 1247 2751 auricomus
1267 2707 1485 2753 Batavus
1504 2701 1594 2753 sil.
1627 2699 1730 2760 111,
1750 2699 1876 2760 608,
1897 2712 1948 2752 et
1967 2697 2206 2751 Vandali
2227 2693 2513 2768 χρυσοειδεῖς
2531 2694 2722 2747 dicun·

579 2790 668 2830 tur
692 2781 1028 2851 Procopio),
1056 2780 1149 2835 sed
1170 2783 1418 2843 rutilam,
1445 2782 1622 2834 rufam
1639 2821 1654 2847 ,
1683 2782 1865 2854 πυρῥὴν
1885 2783 2231 2852 (feueffarben
2251 2784 2295 2850 ).
2325 2781 2458 2833 Tac.
2493 2780 2549 2831 in
2583 2777 2719 2830 Hist.

580 2863 683 2924 IV,
706 2867 794 2921 61.
812 2863 865 2915 in
890 2863 1070 2918 Germ.
1091 2870 1143 2930 4,
1170 2865 1224 2918 in
1248 2869 1368 2934 Agr.
1401 2883 1481 2930 ¹13
1506 2865 1747 2917 Galenus
1771 2866 1826 2916 in
1853 2865 2057 2918 Comm.
2085 2863 2154 2917 ad
2183 2865 2472 2938 Polybium
2488 2862 2556 2916 de
2575 2862 2724 2916 victu

580 2964 627 2999 c.
651 2951 701 3002 6.
726 2945 797 2998 ad
825 2947 1079 3019 Hippocr.
1106 2945 1173 3000 de
1200 2949 1402 3012 Diaeta,
1428 2968 1485 3019 p.
1514 2947 1604 3010 31,
1631 2947 1717 3001 ed.
1739 2950 1861 3001 Bas.
1893 2949 2058 3010 :5383
2091 2954 2209 3016 Seu.
2231 2947 2302 3000 de
2331 2949 2416 3001 [ra
2439 2985 2455 3010 ‚
2479 2947 2566 3002 111
2587 2985 2603 3010 ,
2627 2947 2720 3011 263

578 3029 697 3083 Liv.
720 3029 1047 3090 xxxvnl,
1076 3049 1136 3099 ¹7
1156 3051 1171 3095 ς
1194 3033 1356 3084 Mart.
1381 3031 1536 3097 xlv,
1563 3036 1678 3101 176,
1701 3043 1754 3084 et
1778 3043 2060 3102 utramque
2079 3031 2175 3084 Sil.
2203 3032 2302 3096 lv,
2325 3051 2426 3084 noo
2450 3049 2556 3102 seq.
2581 3029 2728 3083 Ruti-

580 3112 697 3164 lum
723 3112 790 3164 iis
814 3113 1015 3165 crinem
1040 3133 1149 3166 non
1172 3127 1369 3168 natm-a
1397 3127 1608 3167 tantum
1625 3151 1640 3175 ‚
1665 3113 1760 3167 sed
1786 3133 1873 3166 ars
1895 3131 2109 3185 quoque
2131 3113 2330 3166 dabat:
2355 3133 2480 3167 nam
2503 3112 2728 3185 capillos

582 3198 773 3250 crebro
786 3197 1042 3250 lavabant
1060 3199 1467 3271 rutilabantque
1485 3199 1692 3263 lixivio,
1713 3217 1806 3252 seu
1825 3217 2025 3270 sapone
2043 3199 2275 3262 Gallico,
2290 3199 2384 3270 qui
2403 3217 2468 3252 ex
2487 3218 2612 3252 sevo
2631 3217 2726 3252 seu

584 3281 713 3334 sebo
732 3293 785 3334 et
805 3281 981 3335 cinere
1006 3282 1178 3335 factus
1197 3297 1339 3344 erat,
1370 3297 1431 3336 ut
1448 3297 1502 3336 et
1524 3284 1808 3356 pulchram
1831 3283 1902 3334 ita
1925 3295 1978 3336 et
2003 3283 2288 3340 terrificam
2311 3282 2414 3334 sibi
2440 3280 2726 3336 induerent

586 3365 810 3431 faciem3
850 3363 994 3418 unde
1018 3366 1075 3420 h.
1105 3366 1207 3420 loc.
1236 3399 1305 3408 —
1329 3371 1537 3419 madido
1565 3371 1709 3420 cin-0.
1744 3366 1854 3420 vid.
1881 3368 2119 3420 Martial.
2142 3367 2302 3420 vm.
2331 3365 2418 3430 33,
2447 3383 2543 3428 ιο,
2570 3367 2726 3432 xlv,

589 3455 655 3502 26
675 3463 729 3503 et
758 3469 840 3520 ²7·
864 3451 1085 3519 (Spuma
1112 3455 1301 3504 Batava
1325 3463 1376 3504 et
1402 3453 1658 3520 caustica)
1679 3451 1815 3504 Plin.
1843 3449 2114 3512 xxvm,
2145 3469 2226 3515 η,
2252 3467 2342 3504 seu
2364 3449 2425 3504 51
2451 3453 2471 3519 (
2493 3449 2588 3502 ubi
2613 3449 2727 3506 vid.

587 3533 793 3596 Hard.)
825 3533 972 3586 Suet.
1004 3533 1118 3586 Cal.
1149 3539 1235 3604 47.
1263 3563 1334 3574 —
1364 3533 1598 3586 Eosdem
1619 3549 1811 3586 vertere
1832 3537 2065 3601 capillum
2092 3553 2229 3588 cmc-o
2250 3532 2382 3586 dicit
2407 3533 2632 3587 Tertull.
2663 3532 2731 3587 de

590 3617 743 3669 cultu
758 3654 773 3678 ‚
799 3617 851 3667 ΙΙ
872 3657 887 3682 ,
912 3621 964 3679 6,
984 3628 1038 3669 et
1061 3635 1198 3687 aqua
1220 3617 1447 3671 calcaria
1462 3657 1477 3683 ,
1505 3617 1694 3669 τιτάνου
1721 3618 2035 3687 ἀποπλύματι
2061 3624 2268 3687 σμῶντες
2291 3615 2379 3676 τὰς
2399 3617 2568 3688 τρίχας
2599 3638 2728 3670 συνε-

591 3705 717 3766 χῶς,
740 3696 965 3751 Diodor.
984 3700 1055 3759 V,
1082 3701 1167 3753 28.
1188 3731 1255 3739 —
1275 3701 1411 3765 Quae
1433 3713 1642 3753 tantum
1657 3721 1765 3754 non
1787 3702 1966 3755 omnia
1985 3704 2097 3773 jam
2117 3702 2323 3754 notavit
2342 3703 2487 3774 Lipe.
2511 3702 2582 3756 ad
2599 3705 2730 3756 Tac.

591 3781 774 3835 Germ.
802 3787 851 3844 4,
878 3793 939 3833 ut
965 3796 1019 3834 et
1044 3782 1157 3835 hoec
1184 3801 1197 3836 :
1229 3807 1250 3828 ι
1266 3785 1521 3837 Romanae
1543 3784 1700 3836 etiam
1723 3798 1977 3838 matronae
1997 3796 2198 3839 veteres
2225 3786 2477 3838 amabant
2497 3787 2732 3840 colorem

540 3911 546 3918 .
590 3862 792 3916 ssavum
818 3863 1147 3935 rutilumque
1165 3903 1180 3928 ,
1208 3877 1261 3917 et
1279 3883 1485 3917 summa
1510 3864 1795 3936 diligentia
1819 3867 2042 3938 capillos
2063 3867 2239 3920 cinere
2258 3867 2588 3932 rutilabant;
2608 3887 2730 3940 poe-

592 3945 809 4000 terior-es
830 3947 999 4017 magis
1022 3947 1180 4000 avide
1198 3987 1219 4012 ,
1248 3967 1366 4020 quae
1388 3949 1912 4023 capillitium-ipsum
1932 3950 2180 4014 emebant
2199 3969 2232 4003 a
2255 3949 2544 4004 Germania
2561 3964 2618 4004 et
2633 3970 2734 4023 pro

592 4028 761 4084 comis
782 4028 891 4081 auis
914 4032 1308 4100 supponebant.
1333 4031 1443 4086 vid.
1465 4033 1647 4086 valer.
1671 4035 1818 4092 Max.
1843 4034 1930 4094 11,
1965 4050 2012 4096 1,
2039 4033 2104 4100 5;
2136 4032 2297 4088 ovid.
2317 4037 2436 4086 Am.
2459 4035 2484 4087 1
2503 4072 2519 4099 ,
2543 4041 2624 4097 14,
2649 4033 2734 4099 45,

594 4127 647 4170 et
671 4112 903 4169 Tertull.
947 4110 1015 4167 de
1046 4112 1240 4182 Cultu,
1275 4115 1361 4183 11,
1397 4119 1445 4172 6.
1468 4141 1491 4166 ι
1536 4117 1693 4176 Conf.
1727 4117 1798 4174 ad
1833 4117 1944 4184 VI,
1983 4135 2083 4173 120
2121 4120 2530 4190 (Nigncmjlavo
2555 4120 2738 4172 crinem
