3050 4884
513 376 641 443 238
725 374 1069 443 SATIRAE
1101 372 1468 441 DECIMAE
1498 374 1855 441 TERTIAE
1891 374 2545 445 ARGUMENTUM.

514 504 643 582 16);
678 504 763 585 (β)
794 507 904 563 tale
927 504 1205 581 flagitium
1233 514 1354 561 non
1382 522 1580 561 rarum
1605 524 1725 562 esse
1751 505 1888 562 inde
1911 505 1984 562 ab
2019 506 2256 562 Saturni
2282 524 2440 576 anve,
2471 525 2661 583 neque

502 610 635 667 viro
652 612 769 687 jam
795 611 1170 689 sexagenario
1190 612 1487 686 longoque
1508 626 1707 668 rerum
1727 628 1838 667 usu
1861 609 2112 681 imbut0,
2141 610 2424 666 miraculo
2447 610 2660 669 debere

501 734 654 788 esse,
696 718 787 773 his
822 716 1140 792 praesertim
1182 714 1578 790 temporibm,
1618 716 1832 790 quibus
1871 716 2058 772 multo
2095 715 2364 793 graviora
2395 714 2662 789 quotidie

500 816 956 893 committantur,
1001 832 1059 878 et
1099 821 1363 898 egregius
1400 832 1707 878 sanctusve
1745 822 1925 878 homo
1959 832 2226 879 monstro
2263 831 2656 897 portentoque

496 926 697 984 similis
727 926 801 983 sit
828 922 935 1003 (vs.
969 923 1193 996 16-—74
1218 935 1274 981 et
1307 924 1672 1003 120—17B);
1691 926 1838 982 hanc
1867 945 2010 984 vero
2037 925 2472 1002 improbitatem
2499 944 2658 984 sum-

494 1052 764 1109 mamque
784 1074 800 1104 ,
842 1050 955 1106 qua
1000 1050 1157 1088 nunc
1200 1029 1494 1106 pejeretur
1512 1070 1530 1101 ,
1573 1029 1868 1091 nudat-iam
1921 1030 2161 1089 minime
2209 1030 2418 1087 miram
2465 1031 2657 1087 videri

494 1151 741 1214 propter
769 1156 1070 1213 perversas
1106 1136 1181 1193 de
1215 1136 1326 1193 dtis
1356 1135 1663 1212 opiniones
1703 1134 2079 1211 ineptumque
2111 1136 2498 1213 theologiam,
2526 1156 2654 1211 quae

495 1254 896 1321 contemptum
941 1242 1139 1319 gignat
1186 1240 1373 1298 divini
1412 1240 1671 1298 numinis
1720 1239 2048 1317 efficiatque
2072 1282 2088 1311 ,
2149 1252 2220 1297 ut
2266 1241 2364 1298 alii
2411 1241 2650 1299 omnino

490 1361 705 1428 negent
743 1350 884 1407 deos
922 1366 1073 1418 esse,
1116 1347 1217 1422 qui
1256 1366 1349 1403 res
1381 1347 1658 1404 humanas
1691 1356 1924 1416 curent,
1963 1346 2064 1402 alii
2101 1364 2294 1423 poenas
2324 1345 2394 1401 iis
2426 1347 2652 1403 solvere

489 1454 696 1509 malint
723 1494 741 1524 ,
794 1469 967 1527 quam
1013 1450 1408 1526 perjuriorum
1470 1448 1942 1527 flagitiorumque
1999 1452 2193 1509 fructu
2245 1428 2490 1521 carere,
2550 1450 2651 1505 alii

490 1557 745 1633 denique
782 1576 941 1633 spem
989 1555 1347 1630 impunitatis
1396 1556 1534 1614 inde
1574 1556 1935 1633 concipiant,
1992 1558 2156 1633 quod
2194 1558 2346 1614 lenta
2403 1556 2649 1613 deorum

488 1662 577 1719 ira
614 1660 1195 1739 ipsique‘exorabiles
1232 1660 1377 1733 sint,
1414 1672 1473 1719 et
1510 1662 1674 1739 quod
1717 1664 1816 1720 ille
1853 1683 2082 1721 crucem
2125 1664 2380 1739 pretium
2419 1658 2647 1720 sceleris

484 1765 716 1838 tulerit,
744 1765 841 1823 hic
870 1764 1132 1823 diadema
1164 1761 1271 1843 (vs.
1293 1764 1481 1838 75-·1
1499 1765 1630 1847 19);
1651 1766 1734 1851 (γ)
1759 1770 1966 1826 damna
1991 1780 2050 1827 et
2077 1769 2316 1844 injurias
2349 1768 2645 1845 suppliciis

484 1871 895 1947 improborum
912 1912 930 1943 ‚
972 1871 1067 1927 vel
1099 1870 1185 1927 ira
1216 1890 1282 1927 ac
1314 1870 1574 1929 vindicta
1609 1892 1730 1929 non
1761 1876 1996 1945 sarciri,
2035 1885 2096 1932 et
2119 1874 2401 1932 ultionem
2435 1872 2647 1931 minuti

482 1988 660 2054 atque
694 1975 914 2036 infirmi
946 1975 1157 2046 animi,
1192 1975 1441 2051 ideoque
1478 1978 1728 2035 maxime
1762 1978 2138 2052 seminarum,
2178 1997 2302 2036 non
2345 1978 2643 2049 virorum,

484 2081 839 2157 minimeque
865 2078 1351 2158 philosophorum
1372 2122 1389 2153 ,
1416 2083 1778 2157 voluptatem
1817 2102 1938 2141 esse
1971 2076 2079 2161 (vs.
2129 2081 2498 2160 174—192);
2535 2080 2640 2161 (ὃ)

482 2188 786 2262 improbos
821 2186 972 2243 mala
1018 2185 1368 2243 conscientia
1388 2227 1405 2257 ,
1449 2206 1577 2261 quae
1625 2206 1792 2262 poena
1841 2187 1916 2244 sit
1963 2186 2224 2246 omnium
2270 2186 2601 2264 gravissima
2621 2226 2641 2257 ,

484 2291 763 2363 eruciari,
794 2300 855 2347 et
884 2300 1050 2347 nocte
1078 2291 1285 2367 dieque
1310 2309 1479 2347 suum
1502 2306 1736 2367 gestare
1767 2295 1827 2349 in
1845 2307 2094 2367 pectore
2127 2304 2330 2351 testem
2342 2314 2368 2363 ,-
2404 2294 2540 2350 hinc
2569 2293 2637 2350 iis

484 2396 681 2452 cibum
700 2393 855 2451 inter
875 2393 1077 2450 dentes
1106 2411 1363 2450 crescere
1378 2432 1396 2463 ‚
1423 2396 1561 2449 vina
1583 2396 1887 2467 displicere
1913 2408 2108 2449 vetem
2125 2432 2142 2461 ,
2169 2418 2406 2452 somnos
2431 2398 2638 2454 breves

480 2520 547 2559 ac
571 2499 843 2558 turbidos
860 2518 979 2557 esse
995 2541 1012 2569 ,
1032 2498 1269 2555 minima
1290 2498 1550 2555 tonitrua
1573 2498 1918 2575 fulguraque
1945 2517 2223 2573 pavorem
2258 2498 2517 2554 incutere
2532 2538 2548 2567 ,
2577 2509 2639 2557 et

480 2623 907 2683 quemcumque
924 2604 1197 2662 morbum
1220 2604 1295 2661 ab
1321 2604 1532 2661 infesto
1549 2604 1801 2661 Numine
1817 2603 2136 2661 immissum
2161 2602 2350 2659 videri
2380 2602 2484 2679 (vs.
2523 2620 2632 2679 ¹9²

483 2709 739 2791 -235);
770 2708 793 2790 (
808 2708 860 2790 ι)
888 2710 1069 2768 malos
1095 2687 1391 2782 homines»,
1426 2708 1658 2766 libidini
1686 2708 2080 2785 indulgentes,
2113 2709 2320 2764 sensim
2351 2707 2634 2765 adsiscere

484 2816 963 2875 consuetudinem
992 2816 1301 2893 peccandi,
1335 2828 1394 2874 et
1422 2816 1505 2873 sic
1531 2817 1876 2893 plerumque
1905 2814 2086 2873 serius
2115 2796 2215 2871 aut
2243 2812 2411 2871 ‘citius
2441 2830 2632 2889 poenas

476 2924 624 2982 dare
654 2922 761 3003 (νε.
796 2922 1155 3001 236-249).
