3050 4884
522 333 643 401 152
1063 334 1144 396 D.
1206 328 1484 394 JUNII
1545 328 2121 393 JUVENALIS

514 448 728 518 Novit
758 448 898 515 avis
927 462 1158 515 noster
1190 441 1569 516 tirunculus
1603 468 1681 512 ac
1717 444 1901 511 rudis
1934 444 2119 513 omni

517 559 854 650 Tempore
873 610 892 643 ‚
934 572 1002 625 et
1030 554 1288 649 exiguae
1321 553 1552 623 frustis
1584 552 1880 623 imbutus
1908 552 2144 622 ofellae.

517 668 822 737 Plebeios
856 666 1096 737 calices
1128 681 1195 734 et
1225 666 1456 760 paucis
1492 664 1748 733 assibus
1782 678 1999 732 emtos
2580 672 2679 733 145

519 778 836 871 Porriget
866 776 1160 847 incultus
1193 802 1384 869 puer,
1415 790 1618 868 atque
1646 799 1686 841 a
1719 772 1976 867 frigore
2008 786 2231 840 tutus:

519 890 679 957 Non
717 888 945 979 Phryx
971 902 1089 955 aut
1115 888 1396 980 Lycius,
1431 910 1572 953 non
1600 908 1639 951 a
1668 907 2003 976 mangone
2035 882 2289 976 petitus

519 997 894 1089 Quisquam
925 996 1052 1065 erit
1086 1011 1157 1064 et
1184 1018 1469 1089 magno:
1506 1016 1717 1088 quum
1747 1016 2017 1087 posceS,
2054 1014 2257 1085 posce
2289 987 2551 1059 Latine.

520 1106 713 1175 Idem
743 1106 1009 1175 habitus
1043 1107 1340 1191 cunctiS‚
1379 1106 1556 1174 tonsi
1587 1104 1894 1197 rectique
1926 1101 2189 1197 capilli,

519 1217 742 1311 Atque
773 1218 974 1286 hodie
1007 1231 1268 1285 tantum
1304 1230 1590 1309 propter
1619 1214 1930 1283 convivia
1961 1216 2132 1306 pexi.
2586 1216 2689 1271 150

525 1330 816 1397 Pastoris
843 1329 996 1396 duri
1025 1327 1138 1397 hic
1164 1342 1262 1395 est
1291 1326 1500 1409 filius,
1539 1324 1649 1391 ille
1684 1321 1985 1391 bubulci.

523 1439 830 1531 Suspirat
862 1436 1066 1528 longo
1097 1461 1236 1503 non
1273 1436 1480 1502 visam
1517 1447 1823 1525 tempore
1862 1445 2179 1515 matrem,

523 1550 614 1615 Et
642 1544 968 1627 casulam,
1007 1559 1077 1612 et
1104 1559 1303 1611 notos
1337 1543 1545 1611 tristis
1577 1541 1912 1611 desiderat
1941 1541 2172 1611 haedos

521 1656 818 1749 Ingenui
847 1652 1072 1721 vultus
1101 1676 1295 1746 puer,
1325 1653 1745 1745 ingenuique
1775 1653 2089 1747 pudoriS‚

527 1763 778 1851 Quales
807 1788 948 1831 esse
979 1760 1210 1846 decet,
1245 1785 1417 1853 quos
1449 1760 1695 1829 ardens
1724 1787 2031 1857 purpura
2064 1763 2298 1849 vestit;
2592 1774 2693 1828 155

529 1876 681 1943 Nec
713 1869 1074 1967 pugillares
1103 1868 1324 1939 defert
1360 1871 1430 1937 in
1469 1868 1707 1939 balnea
1738 1896 1981 1941 raucus

530 1981 934 2067 TesticulOS‚
974 2005 1102 2049 nec
1129 1977 1467 2048 vellendas
1489 1980 1631 2073 jam
1661 1980 1953 2073 praebuit
1984 1978 2151 2065 alas,

533 2096 772 2161 Crassa
799 2114 928 2158 nec
959 2091 1270 2184 opposito
1306 2090 1587 2185 pavidus
1622 2092 1787 2184 tegit
1814 2092 2097 2186 inguina
2127 2106 2344 2184 gutto.

535 2322 669 2385 tyro
698 2321 755 2365 et
781 2308 970 2379 rudis,
1001 2328 1122 2367 non
1153 2311 1322 2367 callet
1355 2311 1851 2387 quemadmodum
1882 2324 2014 2388 apte
2042 2324 2103 2371 et
2127 2312 2404 2369 decenter
2422 2320 2697 2386 oporteat

535 2402 787 2458 eximere
823 2414 1046 2477 partem
1083 2402 1334 2477 aliquam
1380 2423 1598 2480 capreae
1639 2415 1833 2474 tostae,
1878 2416 1980 2461 aut
2022 2407 2171 2461 alam
2209 2404 2434 2481 galline
2477 2402 2693 2459 Numi-

535 2494 702 2561 dicae,
748 2495 964 2569 quippe
1001 2495 1104 2569 qui
1139 2515 1438 2571 nunquam
1477 2497 1589 2553 ista
1626 2498 1931 2570 didicerit,
1973 2517 2165 2573 neque
2202 2498 2343 2553 artis
2382 2497 2547 2553 istius
2586 2514 2697 2551 co·-

536 2584 814 2659 quinariae
851 2586 1205 2661 tyrocinium
1244 2586 1404 2644 aliud
1442 2588 1675 2656 fecerit,
1724 2609 1899 2663 quam
1944 2590 2006 2646 in
2048 2590 2308 2646 frustulis
2346 2586 2695 2663 quibusdam

536 2678 724 2733 carnis
755 2690 918 2735 sectae
947 2678 1240 2736 torrendis
1266 2698 1331 2735 ac
1352 2698 1531 2753 parce
1556 2680 1907 2738 dividendis.
1932 2681 2291 2739 Ministrabit
2316 2680 2489 2737 nobis
2518 2678 2697 2735 msti-

537 2788 710 2827 canus
753 2790 902 2845 puer
950 2782 1009 2827 et
1050 2770 1381 2844 incomptus
1403 2813 1422 2842 ,
1472 2770 1751 2846 dabitque
1788 2776 2027 2850 cyathos
2064 2774 2197 2830 vilis
2230 2772 2437 2848 pretii,
2482 2770 2695 2845 quibus

533 2862 624 2919 uti
649 2862 813 2937 plebs
843 2863 1021 2930 solet,
1041 2862 1162 2936 ipse
1189 2882 1372 2919 crassa
1403 2873 1589 2920 tectus
1612 2876 1799 2934 veste,
1824 2877 2105 2939 quantum
2133 2865 2208 2921 ad
2236 2863 2553 2922 arcendum
2582 2861 2693 2917 fri-

537 2974 644 3031 gus
681 2955 927 3012 sufficiat
952 2956 1214 3011 :nullum
1257 2976 1291 3012 e
1327 2958 1585 3032 Phrygia
1626 2957 2162 3033 videbispetitum,
2206 2967 2305 3013 aut
2350 2954 2523 3031 Lycia
2544 2995 2562 3023 ,
2600 2953 2695 3008 vel

537 3066 750 3123 magno
781 3046 970 3119 pretio
1000 3058 1256 3121 emptum
1283 3067 1318 3105 a
1342 3050 1771 3123 mancipiorum
1792 3050 2139 3105 venditore:
2174 3050 2221 3105 si
2253 3047 2397 3122 quid
2420 3048 2495 3101 ab
2532 3045 2693 3120 ipso,

539 3160 718 3215 quum
745 3138 1129 3207 ministrabit,
1161 3141 1514 3215 postulabis,
1539 3143 1627 3198 sac
1650 3142 1909 3216 loquaris
1928 3144 2127 3211 latine,
2162 3161 2351 3216 neque
2382 3141 2539 3198 enim
2560 3140 2695 3209 scit,

537 3244 606 3289 ut
629 3231 910 3287 nobilium
943 3231 1122 3301 servi,
1149 3250 1333 3307 graece
1357 3233 1568 3290 dicere.
1598 3236 1803 3308 Neque
1830 3234 1955 3291 aliis
1981 3234 2123 3291 meis
2140 3232 2440 3307 mancipiis
2469 3232 2701 3304 elegan-

541 3326 656 3381 tius
676 3324 788 3379 erit
813 3324 1080 3391 vestitus,
1113 3324 1383 3381 omnibus
1407 3327 1605 3383 eadem
1630 3328 1847 3403 quippe
1875 3327 2047 3385 vestis
2078 3336 2197 3385 est:
2224 3328 2484 3383 omnium
2518 3343 2697 3381 comae

541 3427 780 3472 attonsae
802 3428 936 3471 sunt
958 3426 1016 3471 et
1046 3426 1217 3471 rectae
1235 3458 1253 3485 ‚
1291 3417 1416 3473 sine
1443 3418 1725 3475 cincinnis
1748 3430 1806 3475 et
1831 3432 2076 3489 ornatu3
2108 3438 2317 3494 easque
2342 3428 2565 3473 tantum
2588 3417 2699 3471 ho-

543 3510 670 3577 die,
699 3521 1007 3583 propterea
1027 3510 1189 3581 quod
1215 3510 1403 3567 babeo
1437 3523 1493 3567 te
1517 3514 1856 3579 convivam,
1887 3523 2138 3586 pectem.
2173 3512 2283 3573 Hic
2306 3520 2543 3585 pastore
2566 3527 2699 3564 meo

542 3600 771 3675 genitus
797 3610 881 3655 est
899 3641 913 3668 ,
945 3600 1044 3655 ille
1074 3601 1365 3671 bubulco;
1387 3602 1617 3659 liberali
1636 3622 1789 3677 puer
1816 3606 1988 3659 vultu
2014 3614 2071 3660 et
2098 3604 2385 3678 pudorem
2408 3600 2699 3675 spirante,

543 3692 698 3767 quali
723 3692 996 3747 convenit
1017 3712 1114 3749 eos
1133 3712 1253 3749 esse
1273 3694 1375 3767 qui
1401 3706 1597 3770 togam
1619 3706 1953 3769 praetextam
1971 3684 2065 3765 ,et
2081 3696 2264 3750 limbo
2290 3710 2590 3769 purpureo
2612 3693 2702 3747 in-

543 3783 811 3859 signitam
838 3795 1086 3859 gestant,
1129 3797 1332 3842 moeret
1369 3787 1531 3859 quod
1564 3806 1597 3843 a
1630 3806 1736 3842 suo
1766 3788 2035 3863 tugurio,
2068 3808 2099 3843 a
2138 3798 2321 3843 matre
2352 3784 2577 3859 jamdiu
2605 3804 2701 3841 re-

543 3879 712 3948 licta,
752 3876 825 3931 ab
868 3876 1048 3931 hoedis
1087 3877 1272 3945 noeis,
1309 3879 1567 3933 divulsus
1603 3880 1704 3947 sit,
1746 3898 1962 3953 eosque
1997 3880 2249 3936 revisere
2272 3878 2463 3952 cupit!
2500 3896 2608 3932 nec
2640 3876 2699 3930 in

543 3972 748 4027 ha⁸11ea
783 3988 910 4024 cum
951 3987 1096 4024 voce
1136 3989 1303 4025 rauca
1337 3970 1707 4046 praegrandes
1742 3970 1929 4027 defert
1966 3972 2291 4042 testiculos,
2334 3990 2442 4026 nec
2478 3944 2709 4025 alm-uu?

549 4064 700 4138 pilos
721 4062 840 4136 jam
862 4061 1164 4127 vellendos
1191 4061 1467 4136 praebuit,
1493 4081 1600 4119 nec
1623 4063 1867 4138 pavidus
1896 4066 2155 4139 amplum
2180 4064 2399 4140 inguen
2430 4062 2703 4138 opposito
