3050 4884
804 383 912 450 IN
958 379 1401 450 SATmAM
1447 381 2147 449 DUODECIMAM.
2426 381 2557 450 233

473 492 613 548 Nor.
657 497 772 551 123.
798 497 988 548 Delebie
1003 499 1197 548 tabulas
1216 496 1517 550 testamenti
1531 535 1547 560 ,
1566 496 1623 548 in
1642 496 1839 568 quibus
1854 495 1991 548 alios
2009 495 2294 567 scripserat
2308 495 2554 550 heredes.

403 608 476 620 --
509 582 734 631 Inclusus
771 599 967 632 earcere
997 598 1164 630 nassa
1194 591 1416 632 venuste
1447 577 1651 632 dicitur
1686 578 1835 633 dives
1873 591 1927 632 et
1958 579 2152 646 orbus,
2184 580 2278 651 qui
2315 582 2559 630 mirandis

402 665 611 727 men‘tae's,
634 661 862 727 officiis,
889 663 1030 716 votis
1057 681 1122 716 ae
1149 663 1428 716 sacrificiis
1445 703 1460 727 ,
1488 664 1561 715 ab
1587 660 1899 735 heredipeta
1934 662 2169 715 irretitus
2193 676 2247 716 et
2274 661 2559 718 devinctus

403 746 642 818 eapitur,
665 748 814 802 velut
830 747 994 820 piscis
1011 747 1064 800 in
1087 765 1264 800 nassa.
1289 777 1358 787 —
1385 750 1555 798 Nassa
1570 783 1586 810 ,
1610 747 1779 818 κὺρτος
1805 746 2079 818 (Oppian.
2100 735 2287 798 Ᾰλιευτ.
2312 747 2429 810 ΙΙΙ,
2458 744 2529 798 85
2544 782 2562 808 ,

402 841 457 882 et
475 830 570 894 341
608 833 770 903 seq.),
794 832 850 883 ix
876 829 1076 897 σχοίνων
1101 828 1372 900 λαὸύρινθοι
1397 829 1665 898 (Theoer.
1692 829 1857 895 XXI,
1886 847 1909 882 ε
1924 831 2003 898 1),
2028 828 2277 882 calathus
2298 828 2533 883 viminea
2548 847 2574 880 ς

403 915 618 986 angusti
650 915 810 980 colli,
847 933 958 986 quo
979 932 1148 987 quum
1177 914 1401 967 inu-avit
1433 914 1625 987 piscis,
1657 912 1803 966 exire
1824 929 1935 965 non
1966 923 2161 984 potest.
2198 913 2281 964 Ea
2311 918 2565 985 γραφικῶς

403 996 730 1052 describitur
747 1000 802 1052 in
825 999 929 1052 loe.
955 999 1070 1053 sim.
1097 1010 1152 1052 et
1167 1000 1324 1052 class.
1345 998 1442 1052 Sil.
1462 1000 1540 1064 V,
1562 1005 1627 1064 47
1650 1017 1763 1068 seq.
1784 997 1881 1050 ubi
1900 994 2012 1051 vid.
2034 1009 2149 1050 not.
2171 995 2330 1048 conf.
2354 997 2467 1050 Cic.
2487 992 2561 1049 ad

401 1083 507 1135 Διὶ.
532 1083 670 1146 XV,
693 1102 786 1148 ²03
805 1083 984 1137 Plaut.
1009 1083 1130 1136 Mil.
1156 1083 1242 1148 II,
1265 1085 1299 1136 6
1315 1123 1330 1148 ,
1355 1083 1454 1150 98,
1477 1093 1533 1134 et
1552 1081 1675 1134 loca
1694 1082 2019 1152 scriptorum
2035 1119 2051 1144 ,
2073 1079 2132 1132 in
2153 1079 2353 1151 quibus
2372 1079 2563 1133 similia

403 1177 485 1218 est
505 1167 844 1239 metaphora,
873 1185 907 1220 a
931 1179 1157 1239 captura
1183 1167 1418 1238 piscium
1443 1165 1729 1237 desumpta
1749 1203 1765 1230 ,
1792 1163 1971 1217 Plaut.
1992 1163 2157 1216 True.
2177 1163 2205 1214 1
2222 1202 2238 1228 ,
2266 1180 2314 1225 t,
2340 1179 2428 1226 οι,
2464 1180 2527 1215 aa
2544 1201 2562 1228 ‚

401 1261 454 1302 et
477 1249 636 1302 Cure.
661 1250 749 1303 III
765 1289 781 1314 ,
804 1253 900 1314 613
929 1249 1168 1303 Martial.
1195 1250 1305 1314 vl,
1335 1251 1422 1314 63,
1443 1251 1495 1310 5,
1517 1251 1551 1300 6
1572 1266 1589 1312 3
1614 1247 1802 1301 Horat.
1829 1245 1988 1300 Satir.
2017 1246 2076 1299 II
2091 1285 2107 1309 ,
2130 1243 2181 1310 5,
2204 1252 2297 1311 443
2318 1244 2531 1315 EpistJ
2546 1281 2563 1310 ,

405 1347 454 1390 ιι,
483 1349 570 1401 79,
594 1343 677 1396 et,
708 1333 801 1404 qui
826 1331 894 1384 de
909 1331 1102 1386 eadem
1119 1352 1178 1386 re
1199 1332 1337 1404 agit,
1358 1331 1580 1386 Lucian.
1607 1331 1663 1383 in
1692 1329 1835 1383 Tim.
1858 1332 1891 1399 S
1915 1347 1981 1382 aa
2008 1322 2150 1388 ιοῖος
2172 1327 2341 1387 αὐτοὺς
2364 1328 2387 1378 ὅ
2407 1329 2561 1388 θύννος

405 1413 460 1466 ἐκ
485 1421 642 1484 μυχοῦ
659 1421 742 1474 τῆς
762 1416 972 1488 σαγήνης
996 1413 1245 1489 διέφυγεν,
1265 1418 1352 1468 οὐκ
1381 1414 1543 1487 ὀλίγον
1562 1414 1617 1466 τὸ
1638 1410 1813 1484 δέλεαρ
1846 1414 2118 1477 καταπιὼν,
2143 1412 2201 1465 in
2224 1411 2368 1465 Dial.
2392 1412 2565 1467 Mort-

402 1497 518 1560 vl,
537 1505 588 1560 4.
613 1489 658 1551 ὁ
683 1494 739 1550 δέ
759 1538 776 1563 ,
809 1500 1029 1553 τοσοῦτόν
1050 1519 1132 1571 μοι
1155 1496 1328 1572 δέλεαρ
1350 1499 1625 1564 καταπιὼν,
1657 1497 1925 1567 έφεισττὶκει
1956 1497 2244 1568 θαπτομένῳ
2266 1495 2432 1565 πρώην
2458 1497 2563 1547 επι-

401 1586 557 1652 γελῶν
573 1619 588 1644 ,
614 1581 671 1634 in
692 1582 836 1637 nial.
862 1584 1028 1638 Mort.
1051 1585 1122 1636 X.
1151 1589 1250 1636 Νῦν
1272 1575 1517 1656 Ἑρμόλαος
1540 1583 1641 1650 ἕχει
1662 1581 1730 1634 τὰ
1748 1582 1841 1652 ἐμὰ
1857 1621 1872 1646 ,
1914 1581 2073 1652 ὥσπερ
2100 1600 2169 1639 τις
2190 1577 2383 1650 nepa}
2400 1578 2487 1630 καὶ
2505 1579 2563 1630 τὸ

401 1661 662 1734 ἄγκιστρον
689 1673 759 1736 τῷ
789 1661 982 1718 δελέατι
1001 1668 1418 1740 συγκατασπάσας
1433 1707 1448 1730 ,
1474 1667 1530 1720 in
1551 1666 1912 1731 Hermotimo,
1933 1683 2053 1736 cap.
2075 1663 2159 1734 59.
2181 1655 2245 1724 ὸς
2264 1665 2500 1736 ὀλισθηρὸς
2524 1659 2569 1715 εἴ

404 1743 490 1796 καὶ
510 1743 872 1820 διαδιδράσκεις
896 1752 951 1802 έκ
977 1757 1072 1802 τῶν
1099 1757 1290 1822 χειρῶν,
1313 1751 1422 1804 ἀλλ’
1445 1751 1653 1822 οἰόμενος
1676 1749 2027 1822 ἐκπεφευγέναι
2053 1749 2098 1806 ἐς
2123 1747 2203 1800 τὸν
2225 1747 2367 1799 αὐτὸν
2394 1747 2563 1818 κύρτον

403 1830 750 1898 ἐμπέπτωκας.
1847 1832 1854 1843 ’

469 1929 610 1982 Nooe.
655 1929 772 1984 125.
809 1935 997 1983 Forsan
1023 1951 1134 1986 non
1170 1932 1285 1986 sine
1311 1930 1366 1984 vi
1389 1930 1597 1984 dictum
1624 1948 1639 1983 z
1672 1928 1852 1983 innuit
1880 1928 2057 1993 enim,
2092 1925 2353 1980 incertam
2379 1925 2560 1979 homi·

399 2009 484 2063 nis
509 2030 658 2084 spem
683 2033 824 2078 esse,
859 2013 1106 2088 adeoque
1141 2014 1476 2088 improbiora
1503 2016 1615 2087 ejus
1639 2025 1790 2076 vota,
1826 2011 2091 2066 sacrificia
2113 2023 2168 2064 et
2187 2007 2561 2082 cupiditatem.

399 2097 650 2146 fimiter.-
675 2115 802 2150 nam
829 2098 1020 2170 paucis
1043 2111 1254 2152 tantum
1277 2097 1456 2150 verbis
1491 2114 1629 2169 opus
1654 2108 1734 2150 est
1762 2097 1819 2148 in
1854 2093 2212 2157 testamentis,
2245 2092 2444 2164 quibus
2467 2093 2565 2145 he-

397 2175 553 2232 redes
577 2197 643 2232 ex
665 2199 788 2233 asse
809 2182 1117 2236 scribuntur
1130 2222 1146 2247 ,
1175 2199 1275 2236 nec
1301 2181 1459 2254 plura
1490 2181 1549 2234 in
1574 2180 1639 2233 iis
1666 2193 2032 2235 memorantur
2055 2177 2317 2234 heredum
2338 2176 2565 2234 nomina

397 2260 489 2314 vel
507 2261 700 2332 legata.
726 2264 884 2317 Conf.
909 2264 982 2318 ad
1003 2266 1059 2332 Ι,
1084 2267 1173 2320 68.

467 2421 604 2466 Van.
645 2423 764 2468 126.
797 2421 1018 2485 Incedit,
1047 2425 1127 2478 15,
1153 2440 1234 2479 αι,
1262 2439 1348 2470 22.
1369 2447 1442 2459 --
1473 2421 1621 2480 ride,
1645 2437 1732 2481 27,
1756 2426 1841 2480 4¹7,
1870 2420 1953 2478 ⁴8,
1982 2421 2180 2480 58,66.

465 2510 602 2562 Now.
649 2512 768 2562 126.
797 2507 1060 2565 Praeclare
1091 2509 1158 2564 de
1181 2511 1344 2565 simili
1378 2531 1436 2565 re
1460 2511 1684 2565 Lucian.
1712 2511 1769 2563 in
1794 2510 2076 2578 Timones
2113 2527 2195 2563 αα.
2225 2503 2414 2570 ἐκεῖνος
2447 2511 2567 2581 μὲν,

391 2589 512 2649 acm
561 2589 620 2642 ἅν
655 2587 690 2659 ᾖ
723 2591 870 2653 ποτε,
907 2593 1246 2664 ἁρπασάμενός
1283 2613 1344 2665 με
1385 2595 1408 2663 (
1431 2613 1504 2647 sc.
1550 2595 1771 2648 Plutum
1786 2633 1802 2659 ,
1842 2594 1947 2646 hoc
1984 2605 2065 2647 est
2080 2632 2096 2658 ,
2138 2592 2392 2664 divitias)
2434 2597 2559 2660 αὐτῇ

391 2668 586 2744 δελτῳ,
627 2675 720 2725 θέει
752 2676 905 2746 φέρων
936 2675 1042 2728 ἀντὶ
1073 2682 1157 2729 τοῦ
1193 2679 1311 2737 τέως
1336 2677 1566 2748 Πυρρίου,
1593 2679 1627 2734 ἢ
1655 2677 1926 2748 Δρόμωνος,
1970 2676 2003 2732 ἢ
2038 2676 2229 2739 Τιβὶου,
2258 2683 2543 2749 Μεγακλῆς,

397 2755 430 2812 ἢ
463 2756 748 2829 Μεγάβυζος
767 2795 784 2822 ,
814 2758 848 2814 ἦ
881 2758 1172 2831 Πρώταρχος
1206 2758 1569 2830 μετονομασθεὶς
1586 2799 1601 2823 ,
1638 2759 1744 2819 τοὺς
1771 2759 1925 2828 μάτην
1962 2758 2225 2824 κεχηνότας
2266 2758 2465 2816 ἐκείνους
2500 2760 2563 2818 εἰς

398 2839 628 2900 ἀλλήλους
651 2840 1018 2906 ἀποβλέποντας
1038 2845 1324 2898 καταλιπὼν
1337 2883 1354 2909 ,
1374 2845 1542 2904 ἀληθὲς
1564 2844 1776 2916 ἄγοντα-ς
1792 2843 1847 2896 τὸ
1866 2844 2053 2907 πένθος,
2078 2855 2179 2895 etc.
2208 2871 2277 2882 -
2296 2845 2559 2908 Rivala'bus,

397 2922 518 2976 aliis
543 2923 906 2998 heredipetis,
942 2925 1188 2982 eamdem
1227 2927 1587 2982 hereditatem
1608 2927 1967 3000 captantibus.
2009 2957 2081 2967 —-
2114 2929 2349 2976 Incedere
2372 2937 2563 2997 aptum

397 3006 459 3059 h.
485 3007 590 3062 loc.
611 3009 836 3062 verbum
851 3049 866 3074 ,
889 3009 1040 3082 quod
1062 3008 1329 3084 superbias
1349 3028 1442 3064 seu
1465 3010 1839 3062 ostentationis
1860 3022 1915 3063 et
1932 3008 2213 3081 gravitatis
2224 3009 2334 3062 vim
2360 3011 2563 3082 passim

399 3089 592 3156 haben
615 3091 724 3149 vid.
741 3091 814 3146 ad
833 3094 964 3146 Tac.
982 3097 1120 3148 Anu.
1141 3097 1246 3160 IV,
1273 3094 1336 3148 23
1354 3134 1370 3159 ,
1401 3094 1430 3148 ⁵
1445 3135 1463 3162 ,
1486 3093 1561 3148 ad
1583 3094 1700 3150 Liv.
1724 3097 1774 3159 1,
1802 3098 1896 3161 26,
1921 3114 1973 3165 9.
2002 3094 2153 3148 Cort.
2180 3094 2253 3149 ad
2272 3095 2403 3150 Sall.
2429 3098 2463 3149 J
2469 3116 2557 3168 ug.

399 3171 486 3238 31,
510 3185 564 3227 et
583 3173 756 3248 intpp.
778 3175 934 3248 virg.
955 3174 1164 3229 AEneid.
1192 3177 1247 3240 I,
1271 3181 1356 3240 46.

466 3275 602 3326 Nor.
639 3291 760 3345 ¹²7·
797 3277 1034 3343 Jugulma
1058 3276 1309 3340 Mycenis,
1341 3273 1623 3347 Iphigenia
1657 3276 1731 3343 (a
1771 3273 1949 3346 patria
1985 3275 2063 3328 sic
2096 3272 2241 3328 dicta
2258 3314 2274 3341 ,
2313 3286 2375 3327 ut
2407 3274 2555 3346 apud

397 3355 558 3412 ovid.
577 3357 713 3413 Met.
740 3357 881 3423 ΧΠ,
912 3357 983 3420 34
997 3358 1038 3426 ),
1065 3356 1172 3412 hoc
1196 3369 1276 3411 est
1291 3397 1306 3422 ,
1338 3357 1641 3411 immolatio
1663 3357 1803 3410 filiae.
1834 3361 1974 3410 Nam
1992 3359 2209 3424 Mycenis
2226 3357 2280 3409 h.
2304 3356 2409 3411 loc.
2434 3357 2549 3411 filia

395 3437 616 3495 Pacuvii
644 3442 667 3510 (
687 3440 852 3494 altera
874 3440 1027 3514 quasi
1050 3439 1336 3513 Iphigenia
1363 3442 1450 3494 vel
1483 3443 1535 3494 ei
1569 3442 1821 3508 similis),
1848 3454 1907 3494 ut
1928 3458 2091 3513 supra
2110 3458 2190 3492 vs.
2215 3456 2238 3491 1
2253 3456 2332 3508 ¹9·
2356 3442 2555 3509 Iphige-

394 3522 508 3584 m’a,
537 3523 796 3595 quoniam
816 3541 918 3597 pro
941 3526 1110 3578 salute
1144 3523 1272 3596 agri
1296 3522 1586 3598 divitisque
1612 3522 1875 3592 hominis,
1910 3536 1973 3577 ut
1997 3541 2125 3578 vera
2144 3523 2429 3594 Iphigenia
2452 3543 2559 3597 pro

395 3605 510 3658 salu
517 3617 568 3659 te
585 3607 900 3661 Graecorum
911 3645 928 3674 ,
952 3605 1284 3661 immolatur.

467 3703 644 3756 Anu..
674 3704 966 3758 128-130.
988 3703 1183 3765 Poeta,
1210 3703 1304 3775 qui
1324 3702 1556 3757 ridendo
1575 3701 1784 3757 dixerat
1796 3720 1983 3756 verum
1998 3740 2015 3768 ,
2036 3720 2183 3755 nunc
2204 3721 2327 3757 cum
2346 3723 2557 3759 summa

391 3783 766 3858 indignatione
782 3785 1020 3840 Pacuvio
1041 3787 1201 3858 eique
1224 3787 1492 3841 similibus
1519 3785 1844 3858 heredipetis
1870 3783 1989 3837 dira
2011 3785 2355 3857 imprecatur,
2376 3788 2549 3841 vitam

389 3868 792 3941 longissimam,
823 3881 908 3934 et,
944 3870 1121 3942 qualis
1153 3887 1440 3926 avarorum
1477 3889 1594 3924 esse
1626 3871 1789 3932 solet,
1826 3869 2216 3923 miserrimam:
2246 3871 2380 3942 quid
2406 3873 2549 3925 enim

391 3951 594 4007 tristius
613 3973 728 4008 esse
745 3965 924 4026 potest
940 3994 956 4022 ,
977 3971 1143 4027 quam
1159 3973 1220 4007 ex
1243 3952 1443 4008 divitiis
1455 3994 1470 4019 ,
1493 3954 1663 4027 iisque
1684 3953 1962 4007 inhoneste
1980 3954 2148 4026 partis
2160 3994 2175 4020 ,
2194 3955 2401 4008 nullam
2423 3975 2545 4027 per·
2584 3987 2592 3997 ·

390 4035 570 4109 cipere
591 4037 928 4109 voluptatem
948 4049 1002 4090 et
1023 4057 1120 4110 per
1139 4037 1355 4109 longam
1370 4038 1539 4093 vitam
1556 4037 1808 4090 omnibus
1826 4055 1977 4109 seque
1998 4055 2061 4090 ac
2082 4037 2185 4091 sibi
2209 4039 2309 4109 ipsi
2330 4057 2546 4110 gravem

390 4136 504 4172 esse
539 4131 701 4196 atque
729 4117 1016 4175 odiosum?
1047 4119 1375 4194 Imprecatio
1407 4132 1587 4178 tamen
1616 4121 1733 4176 hnc
1758 4140 1870 4175 non
1894 4133 2007 4174 tam
2038 4121 2109 4175 ab
2142 4120 2547 4194 indignatione,
