3050 4884
927 384 1034 451 IN
1081 384 1551 451 SATIRAM
1596 387 1988 457 NONAM.
2452 392 2533 457 23

455 502 585 551 Vsa.
627 510 710 563 ⁴7·
745 502 813 549 Ee
847 501 1052 567 dignum
1093 513 1146 549 ec
1177 501 1468 566 puls-lirum,
1515 518 1603 553 αι’.
1646 505 1715 553 Te
1742 505 2029 571 pule-larum,
2079 524 2159 557 11.
2208 506 2335 559 Non
2376 504 2531 557 male!

454 595 506 647 N
510 613 594 647 or.
634 599 720 665 47.
757 597 978 662 Dignum
1011 596 1196 661 cyatho
1226 599 1442 663 caeloque
1455 636 1472 662 ,
1504 597 1736 651 alterum
1758 598 2135 673 Ganymedem
2161 613 2217 654 et
2250 618 2399 672 oque
2425 600 2537 653 for·

385 696 624 742 mosum,
665 697 780 732 non
811 679 992 733 minus
1028 678 1285 751 dignum,
1317 681 1414 753 qui
1449 682 1506 735 in
1538 682 1727 735 calum
1752 695 1941 755 raptus
1968 684 2099 738 Jovi
2124 685 2325 756 pocula
2350 684 2536 737 minis-

385 775 581 829 trares3
608 760 735 819 vide
759 761 834 817 ad
865 765 938 827 V,
965 763 1034 817 56
1053 775 1108 817 et
1137 762 1223 831 59.

455 908 590 955 Vsa.
630 910 714 965 48.
751 906 994 967 Assecloe,
1018 906 1096 955 vel
1118 906 1360 971 adseclae,
1392 908 1479 967 15,
1515 909 1607 968 16,
1640 924 1699 971 1¹7
1733 926 1761 958 a
1786 927 1853 961 m.
1882 928 1960 977 pr.
1990 912 2083 971 18,
2104 928 2193 977 19,
2217 929 2300 961 21.
2323 920 2416 972 24,
2443 913 2539 973 25,

391 988 624 1050 45-50,
655 994 721 1041 55
739 1027 754 1051 ,
777 992 986 1053 57—60
997 1026 1016 1049 ,
1046 992 1272 1053 64—67.
1293 993 1378 1041 Nil
1402 993 1621 1040 interest.
1651 1020 1723 1030 --
1746 993 1859 1041 Non
1880 992 2214 1059 indulgebitis,
2240 997 2322 1045 16.
2348 992 2439 1042 Nil
2458 993 2538 1041 in-

386 1072 668 1139 dulgebitis,
701 1088 784 1122 πο.

456 1172 592 1219 Vsa.
631 1180 713 1233 49.
752 1170 1018 1235 Necjam,
1042 1187 1126 1229 π,
1153 1187 1249 1229 aa,
1279 1187 1362 1233 2⁰7·

457 1264 598 1317 Nor.
629 1265 724 1329 48,
747 1270 832 1331 49.
855 1264 1060 1324 Verba,
1085 1264 1300 1335 opinor,
1325 1282 1438 1315 non
1459 1262 1689 1325 Navali,
1705 1274 1767 1315 ut
1785 1261 1906 1315 vult
1920 1264 2214 1327 Achaiam,
2236 1263 2331 1317 sed
2351 1277 2545 1337 poeto,

389 1345 680 1401 Virronem
701 1346 860 1417 eique
879 1347 1078 1401 similes
1097 1347 1455 1418 alloquentis:
1475 1345 1627 1411 Quid
1649 1364 1745 1399 vos
1765 1346 1887 1399 aliis
1908 1349 2193 1411 humilibus,
2214 1350 2547 1420 pauperibus

388 1427 670 1500 minusque
695 1427 910 1483 dilectis
935 1432 1146 1481 adsedit
1171 1441 1224 1481 et
1245 1431 1541 1489 cultoribus,
1568 1428 1680 1481 boc
1698 1441 1805 1493 est,
1830 1428 2146 1495 clientibus,
2172 1430 2447 1484 donabitis
2462 1472 2478 1498 ,
2500 1433 2547 1487 si

387 1530 456 1565 ne
487 1516 655 1565 morbo
691 1510 938 1584 quidem,
975 1511 1190 1565 libidini
1225 1523 1280 1565 et
1308 1512 1446 1565 vitio
1477 1523 1655 1565 vestro
1696 1512 2095 1585 aliquantulum
2130 1515 2422 1582 indulgetis,
2460 1515 2549 1567 vel

389 1680 632 1729 Heinecke
656 1678 773 1729 haec
801 1675 1111 1729 adnotavit:
1135 1700 1156 1722 ι
1169 1676 1289 1729 Hoc
1309 1687 1366 1729 et
1381 1676 1520 1729 mihi
1539 1677 1991 1732 verisimillimum
2010 1677 2243 1731 videtur.
2262 1680 2359 1733 Est
2377 1680 2554 1733 excla-

387 1760 554 1813 matio
577 1772 750 1833 poetae
768 1762 883 1833 jam
906 1779 1016 1813 non
1045 1759 1318 1822 mirantis,
1343 1758 1609 1832 ejusmodi
1632 1760 1879 1815 homines
1906 1763 2195 1815 clientibus
2217 1762 2358 1818 nibil
2387 1762 2548 1826 dare,

390 1863 557 1915 quum
578 1863 645 1897 ne
665 1856 928 1897 amatores
947 1843 1168 1915 quidem
1186 1842 1487 1915 quidquam
1507 1843 1798 1915 accipiant.
1818 1876 1887 1885 —
1910 1848 2105 1897 Morbus
2126 1858 2205 1899 est
2222 1844 2552 1901 inveteratus

390 1926 618 1981 affectus
643 1942 699 1981 et
720 1927 991 2001 cupiditas
1005 1964 1022 1989 ,
1051 1939 1164 1981 tum
1181 1928 1398 2000 impura
1418 1925 1610 1981 libido.
1638 1927 1869 1997 Egregie
1891 1925 1961 1979 de
1982 1928 2085 1981 hac
2110 1946 2243 1981 voce
2262 1926 2553 1999 disputant

390 2006 660 2065 Gron.'ad
689 2012 876 2065 Senec.
909 2009 978 2063 de
1006 2012 1129 2065 Ben.
1169 2011 1197 2062 1
1220 2049 1236 2076 ,
1277 2016 1370 2073 14,
1398 2022 1454 2063 et
1479 2007 1778 2063 Mitscherl.
1808 2009 1879 2064 ad
1907 2011 2097 2065 Horat.
2124 2010 2235 2065 Od.
2265 2013 2319 2077 1,
2348 2011 2435 2083 37,
2460 2013 2548 2080 39.

391 2094 481 2147 Sic
502 2098 692 2145 morbus
718 2094 917 2147 dicitur
941 2113 1102 2163 supra
1117 2132 1132 2159 ‚
1158 2093 1215 2145 11
1229 2132 1246 2159 ,
1277 2112 1342 2164 17
1371 2106 1420 2144 et
1446 2091 1531 2144 50.

460 2190 512 2241 Ν
516 2208 601 2243 or.
641 2189 868 2243 50-53,
904 2189 1036 2243 Haec
1073 2206 1290 2261 quoque
1323 2189 1489 2243 verba
1523 2200 1695 2259 poeto
1732 2188 1901 2241 tribui
1926 2200 2155 2259 possunt
2180 2206 2245 2241 eo
2267 2206 2458 2250 seusu,
2484 2200 2547 2245 ut

393 2271 460 2324 iis
497 2272 838 2326 contineatur
871 2271 1114 2345 lepidum
1151 2271 1470 2335 consilium,
1505 2270 1731 2325 Naevolo
1770 2268 1987 2333 datum,
2026 2282 2079 2323 et
2112 2288 2293 2323 amara
2339 2268 2551 2338 irrisio,

393 2366 511 2407 tum
537 2354 719 2408 formai
734 2395 750 2419 ,
777 2368 892 2408 tum
925 2355 1164 2409 avaritias
1194 2366 1248 2407 et
1269 2354 1519 2407 mollitiei
1542 2353 1795 2407 Virronis
1826 2352 2023 2408 cinodi
2042 2370 2057 2406 :
2077 2354 2163 2407 En
2194 2354 2551 2408 formo-ulum

401 2438 558 2491 illum
593 2452 646 2492 et
680 2438 974 2493 delicatum
1009 2437 1378 2512 Ganymedem
1395 2476 1409 2501 ‚
1439 2438 1532 2491 cui
1565 2450 1625 2490 tu
1660 2438 1841 2509 potius
1878 2455 2047 2509 quum
2083 2448 2195 2489 tam
2230 2453 2427 2490 avarus
2455 2437 2551 2500 sit,

383 2541 620 2578 ,munera
671 2524 876 2588 mittas,
924 2535 978 2576 et
1015 2520 1236 2595 quidem
1281 2525 1547 2573 umbellam
1563 2560 1579 2587 ,
1627 2540 1695 2575 ne
1734 2520 1849 2573 sole
1886 2518 2214 2584 offuscetur,
2257 2519 2345 2572 vel
2378 2518 2553 2575 alium

395 2616 646 2659 ornatum
671 2605 1018 2669 muliebrem,
1049 2622 1218 2676 quum
1245 2604 1488 2658 mulieris
1511 2616 1569 2656 et
1596 2602 1783 2656 amicte
1810 2603 1935 2655 loco
1962 2602 2031 2653 sit
2058 2600 2188 2654 tibi!
2229 2600 2338 2657 Sed
2358 2602 2553 2674 prefe-

393 2688 565 2743 renda
589 2689 730 2742 forte
751 2690 984 2741 aliorum
1007 2688 1298 2750 sententia,
1328 2688 1423 2758 qui
1449 2686 1577 2740 inde
1604 2704 1637 2739 a
1663 2705 1743 2739 vs.
1774 2684 1841 2737 50
1869 2683 2155 2736 Nmolum
2184 2684 2335 2753 loqui
2356 2696 2555 2755 putant

393 2776 500 2826 hoc
523 2790 716 2826 sensu:
755 2772 861 2823 Hic
886 2772 1053 2823 Virro
1089 2770 1332 2841 postulat
1365 2772 1581 2838 potius,
1606 2780 1667 2821 ut
1702 2768 1809 2819 sibi
1839 2764 2121 2817 mittantur
2147 2782 2390 2820 munera.
2423 2768 2554 2821 Haec

394 2855 562 2907 verba
590 2865 838 2925 spectant
857 2852 928 2905 ad
965 2870 1026 2905 ea
1043 2891 1058 2915 ,
1083 2868 1204 2922 quo
1223 2850 1500 2914 Noevolun,
1528 2868 1607 2903 vs.
1638 2852 1731 2911 46,
1772 2853 1859 2916 47,
1880 2856 1935 2898 et
1964 2846 2130 2899 verba
2158 2864 2237 2900 vs.
2273 2848 2339 2910 48
2374 2859 2429 2901 et
2452 2856 2552 2917 49,

397 2938 468 2995 ad
497 2957 589 3002 ea,
625 2955 746 3011 quo
771 2936 863 2988 ille
895 2954 976 2990 vs.
1013 2935 1080 2997 45
1106 2932 1332 2987 dixerat.
1367 2933 1555 3002 Vulgo
1588 2930 1741 2983 innui
1773 2939 1995 3001 putant,
2026 2928 2165 2981 nihil
2200 2926 2405 2981 cinaedo
2442 2942 2553 2987 tam

395 3024 614 3093 ingrato
647 3019 966 3074 donandum
1001 3036 1130 3071 esse.
1161 3016 1464 3071 Herminius
1489 3033 1503 3067 ε
1530 3038 1552 3059 u·
1572 3013 1771 3077 Tales,
1806 3010 2013 3083 inquit,
2050 3014 2265 3063 suniviri
2292 3024 2555 3068 vocantur

397 3103 652 3160 Petronio
675 3102 902 3174 aliisque
921 3101 1054 3153 hinc
1073 3094 1533 3161 σπαταλοκίνοιιὸοι,
1558 3096 1653 3167 qui
1675 3094 1953 3159 umbellis,
1974 3094 2198 3147 armillis
2215 3106 2271 3148 et
2286 3095 2555 3152 similibus

395 3184 704 3258 crepundiis
738 3183 810 3237 ad
841 3186 1015 3238 instar
1041 3182 1348 3255 puellarum
1371 3179 1778 3251 superbiebant3
1802 3174 1947 3229 unde
1982 3187 2039 3227 et
2074 3173 2143 3229 ad
2180 3178 2441 3248 majorem
2468 3177 2551 3229 in·

402 3268 772 3339 dignationem
795 3266 950 3321 addit
974 3266 1122 3319 dona
1155 3264 1340 3319 isthaec
1365 3264 1508 3317 mitti
1534 3264 1772 3332 seuu'neis
1798 3262 2050 3324 calendis,
2087 3256 2147 3312 id
2176 3271 2281 3323 est,
2306 3260 2510 3313 Martii.
2530 3286 2551 3309 a

403 3354 454 3405 N
457 3370 546 3405 am
567 3349 808 3405 calendis
831 3348 1069 3415 Martiis,
1097 3365 1220 3421 qun
1241 3360 1298 3400 et
1323 3346 1649 3401 matronalis.
1671 3343 1993 3399 dicebantur
2008 3382 2025 3406 ,
2049 3342 2231 3395 mariti
2252 3344 2517 3398 uxoribus
2536 3392 2553 3417 ‚

403 3448 667 3489 amatores
697 3432 894 3505 puellis
925 3448 1154 3485 munera
1196 3430 1401 3483 mittere
1443 3442 1496 3483 et
1525 3442 1637 3482 tam
1666 3440 1925 3484 matrona
1938 3464 1957 3491 ,
1994 3444 2157 3497 quam
2192 3427 2371 3481 mariti
2400 3448 2553 3484 sacra

402 3520 436 3571 J
443 3519 610 3573 uuoni
625 3518 802 3571 faeere
813 3516 1062 3569 solebant
1082 3533 1184 3586 pro
1203 3512 1535 3567 matrimonii
1558 3511 1841 3565 felicitate:
1862 3506 2275 3575 undej‘enzinois3
2292 3528 2404 3563 uon
2424 3512 2555 3583 quia

406 3620 591 3654 omnes
612 3597 851 3655 calendie
871 3598 1080 3652 Junoni
1107 3614 1268 3649 sacra
1294 3609 1462 3649 erant.
1491 3606 1511 3631 ¹
1558 3597 1702 3649 Nota
1728 3594 1857 3647 Ach.
1891 3605 1971 3645 est
1992 3610 2006 3646 :
2032 3616 2056 3638 ε
2072 3590 2322 3647 Calendae
2346 3596 2562 3649 Martia

407 3684 624 3737 feminis
647 3694 826 3747 erant,
858 3682 1045 3752 qualia
1069 3680 1374 3733 Saturnalia
1392 3680 1549 3743 viris3
1572 3696 1770 3750 easque
1799 3677 2148 3729 celebrabant
2169 3676 2225 3728 in
2242 3679 2555 3731 memoriam

409 3768 542 3822 belli
570 3786 694 3822 cum
715 3766 930 3820 Sabinis
949 3782 1136 3819 earum
1162 3765 1466 3819 interventu
1493 3759 1798 3834 compositi.
1836 3760 1997 3812 Domi
2033 3758 2198 3828 igitur
2233 3762 2521 3815 manebant
2537 3802 2552 3827 ,

1562 3918 1715 3941 Μ

487 4046 504 4071 ¹
545 4038 687 4087 Cous.
703 4040 878 4103 Heyne
899 4035 964 4085 ad
983 4032 1166 4085 Tibull.
1189 4038 1264 4087 111
1280 4072 1296 4097 ,
1323 4051 1372 4095 ι,
1393 4051 1442 4095 η
1530 4034 1657 4080 fast.
1679 4030 1779 4089 111,
1806 4030 1896 4089 167
1922 4043 2023 4091 seq.
2043 4028 2253 4075 Martial.
2272 4028 2337 4084 V,
2357 4026 2439 4084 85,
2465 4044 2485 4075 1
2502 4044 2523 4075 1
2542 4048 2555 4083 ς

411 4122 501 4178 lv,
517 4135 545 4166 2
561 4153 576 4178 ,
601 4118 824 4181 131utpp.
843 4118 966 4163 Hor.
989 4114 1080 4163 od.
1099 4117 1198 4175 111,
1217 4112 1444 4174 830vid.
1532 4113 1636 4172 IX,
1655 4124 1745 4173 91,
1771 4109 1831 4156 15
1850 4110 2018 4169 ,etX.‚
2045 4116 2107 4165 ²4
2125 4109 2283 4166 3Suet.
2301 4107 2451 4171 Vesp.
2478 4124 2557 4173 ¹9·
