3050 4884
962 372 1336 439 SATIRA
1390 373 1960 440 UNDECIMA.
2418 378 2533 445 151

372 484 467 550 Et
495 508 669 578 quos
702 485 1025 581 deposuit
1056 489 1384 559 Nabataeo
1416 488 1642 558 bellua
1675 490 1880 577 saltu,

371 592 525 661 Jam
560 596 809 666 nimios
837 600 1176 692 capitique
1212 623 1473 692 graves.
1508 600 1690 669 Hine
1718 604 1934 696 surgit
1959 603 2211 689 orexiS,

372 702 555 773 Hinc
588 708 941 777 stomacho
975 708 1129 777 bilis
1160 734 1176 778 :
1218 734 1377 777 nam
1414 734 1530 803 pes
1557 725 1920 803 argenteus
1955 710 2114 797 illis,

372 815 693 886 Annulus
720 819 791 887 in
826 818 1041 914 digito
1075 820 1263 914 quod
1293 818 1576 891 ferreus,
1607 824 1792 915 Ergo
1825 824 2194 918 superbum

376 924 751 996 Convivam
788 954 1027 1015 caveo,
1060 931 1179 1025 qui
1210 956 1320 999 me
1356 931 1483 1001 sibi
1512 947 1896 1027 comparat,
1925 948 1994 1002 et
2035 959 2144 1003 res
2439 948 2539 1002 130

376 1034 689 1131 Despicit
720 1041 993 1135 exiguas
1026 1067 1042 1108 ε
1084 1042 1257 1110 adeo
1290 1041 1477 1111 nulla
1502 1044 1704 1113 uncia
1729 1044 1924 1113 nobis

376 1146 500 1214 Est
525 1148 786 1235 eboris,
822 1176 950 1220 nec
980 1152 1293 1237 tessellae,
1326 1178 1455 1223 nec
1488 1152 1784 1225 calculus
1817 1179 1896 1223 ex
1929 1154 2056 1223 hac

380 1256 703 1347 Materia3
733 1261 901 1354 quin
936 1262 1077 1355 ipsa
1106 1264 1461 1333 manubria
1486 1262 1919 1334 cultellorum

380 1364 589 1436 Ossea
618 1394 635 1436 :
674 1394 814 1438 non
851 1384 1078 1439 tamen
1108 1372 1213 1439 his
1240 1372 1377 1440 ulla
1408 1396 1734 1466 umquam
1763 1374 2046 1467 opsonia
2077 1374 2252 1445 fiunt

380 1476 795 1563 Rancidula,
830 1494 951 1548 aut
978 1480 1130 1549 ideo
1166 1481 1368 1576 pejor
1398 1482 1646 1576 gallina
1673 1499 1959 1551 secatur.
2445 1501 2542 1555 135

376 1585 512 1653 Sed
540 1612 669 1656 nec
702 1604 999 1659 structor
1032 1590 1161 1659 erit
1180 1642 1201 1677 ‚
1235 1590 1347 1660 cui
1384 1591 1626 1661 cedere
1657 1590 1902 1661 debeat
1933 1594 2154 1662 omnis

376 1695 697 1791 Pergula,
727 1698 1097 1794 discipulus
1127 1700 1469 1795 Trypheri
1508 1701 1844 1785 doctoris,
1879 1703 2058 1796 apud
2093 1727 2296 1795 quem
2417 1724 2426 1731 ·

376 1806 659 1876 Sumine
688 1834 845 1878 eum
872 1833 1119 1904 magno
1154 1810 1388 1904 lepus,
1426 1826 1628 1905 atque
1661 1836 1850 1906 aper,
1885 1827 1956 1881 et
1985 1804 2362 1907 pygargus,

376 1918 469 1983 Et
494 1919 825 2013 Scythicae
854 1917 1193 2006 volucreS,
1224 1936 1295 1990 et
1332 1923 1886 2017 phoenicopterus
1917 1922 2161 2016 ingens
2178 1975 2197 2008 ,

376 2028 469 2095 Et
496 2026 803 2098 Gaetulus
830 2053 1028 2123 oryx,
1068 2030 1297 2099 hebeti
1331 2030 1699 2101 lautissima
1731 2030 1916 2100 ferro
2440 2048 2538 2106 ¹40

381 2137 707 2219 Caeditur,
736 2153 808 2207 et
836 2152 980 2208 tota
1008 2155 1203 2209 sonat
1233 2138 1457 2208 ulmea
1485 2164 1678 2207 coena
1705 2140 1991 2209 Subura.

380 2250 535 2319 Nec
568 2247 858 2319 frustum
889 2274 1149 2345 capreae
1181 2250 1597 2335 subducere,
1626 2274 1756 2319 nec
1783 2249 1957 2319 latus
1985 2249 2169 2319 Afrae

380 2446 545 2521 cujus
570 2450 774 2523 populi
809 2450 1031 2507 Mauris
1060 2449 1376 2527 nigriorem
1409 2462 1509 2506 aut
1536 2470 1608 2507 ex
1635 2449 1796 2507 silvis
1831 2448 2236 2506 Nabataeorum
2255 2490 2274 2519 ,
2313 2450 2378 2505 in
2411 2452 2543 2525 qui-

380 2541 493 2597 bus
522 2540 813 2616 elephanti
842 2542 1045 2599 dentes
1069 2542 1189 2617 jam
1226 2542 1439 2600 nimios
1473 2555 1532 2601 et
1563 2543 1738 2618 capiti
1770 2542 2066 2617 graviores
2095 2543 2416 2616 deponunt.
2452 2546 2541 2600 Ex

380 2652 453 2691 eo
478 2634 755 2692 nimirum
780 2637 943 2711 quod
968 2635 1256 2711 ejusmodi
1287 2637 1536 2711 pedibus
1567 2636 1789 2693 nitatur
1819 2654 2012 2692 mensa
2028 2677 2044 2704 ‚
2079 2635 2336 2691 nascitur
2363 2655 2541 2711 appe-—

380 2726 559 2783 tentia
592 2727 889 2799 ciborum,
916 2729 1053 2785 hinc
1084 2728 1237 2785 vires
1257 2728 1555 2785 adduntur
1578 2730 1877 2786 stomacho
1909 2726 1986 2783 ad
2006 2726 2168 2782 cibos
2199 2726 2420 2782 facilius
2449 2728 2542 2783 di-

378 2820 687 2896 gerendos.
710 2822 913 2897 Itaque
928 2842 1051 2879 non
1066 2822 1259 2879 minus
1276 2832 1449 2895 turpe
1465 2821 1586 2895 jam
1609 2820 1846 2877 ducitur
1863 2838 2120 2876 mensam
2139 2819 2356 2875 habere
2381 2820 2543 2877 domi

378 2912 531 2987 pede
548 2924 920 2970 sustentatam
936 2926 1233 2990 argenteo,
1255 2932 1429 2989 quam
1450 2915 1732 2969 annulum
1751 2912 1812 2967 in
1831 2930 2006 2967 manu
2023 2912 2276 2967 ferreum
2301 2922 2540 2986 gestare.

380 3006 510 3081 Ego
534 3024 679 3062 vero
706 3006 894 3063 lautos
920 3006 1209 3080 ejusmodi
1234 3018 1293 3063 et
1322 3016 1663 3083 arrogantes
1691 3005 1963 3062 convivas
1990 3002 2176 3080 fugio,
2205 3003 2334 3077 qui,
2357 3023 2544 3061 meam

382 3098 725 3155 tenuitatem
767 3098 986 3156 seilicet
1016 3118 1148 3156 cum
1181 3100 1297 3156 suis
1327 3100 1540 3175 opibus
1574 3118 1640 3155 ac
1671 3097 1894 3155 deliciis
1937 3107 2336 3169 comparantes
2353 3136 2369 3165 ,
2418 3116 2542 3153 eam

382 3200 769 3248 contemnunt
798 3212 812 3247 ε
842 3212 976 3249 nam
1007 3194 1162 3268 apud
1192 3214 1287 3251 me
1324 3213 1399 3251 ne
1432 3195 1602 3250 uncia
1637 3193 1874 3269 quidem
1907 3191 2101 3249 eboris
2133 3203 2245 3262 est,
2279 3211 2400 3247 non
2431 3203 2544 3249 tes—

380 3301 549 3354 sera,
586 3303 710 3341 non
748 3284 953 3340 calculi
986 3286 1232 3342 eburnei
1268 3297 1434 3357 sunt,
1479 3287 1660 3343 immo
1693 3286 1804 3361 ipsi
1834 3287 2156 3343 cultrorum
2189 3284 2376 3358 capuli
2409 3296 2544 3341 sunt

380 3394 453 3433 ex
494 3394 625 3433 osse
660 3398 675 3433 ε
718 3395 911 3452 neque
954 3388 1145 3435 tamen
1187 3378 1410 3437 ideirco
1450 3398 1592 3436 meae
1632 3380 1808 3456 dapes
1849 3378 2099 3436 rancidae
2126 3396 2192 3433 ac
2225 3377 2544 3435 deteriores

378 3466 561 3537 fiunt,
588 3488 709 3526 non
732 3470 993 3545 pejorem
1020 3472 1239 3528 habent
1259 3479 1523 3546 sap‘orem
1546 3472 1772 3548 galline
1787 3512 1804 3541 ,
1829 3470 1962 3545 quia
1987 3468 2108 3525 istis
2128 3469 2376 3525 cultellis
2393 3470 2546 3525 scin-

382 3561 625 3619 duntur.
665 3563 783 3620 Sed
817 3582 1008 3639 neque
1037 3564 1227 3621 aderit
1252 3565 1409 3639 apud
1448 3583 1543 3623 me
1576 3560 1807 3633 servus,
1846 3562 1948 3635 qui
1981 3579 2234 3617 mensam
2267 3561 2544 3631 instruat,

378 3654 547 3710 eibos
564 3654 705 3710 scite
730 3667 983 3729 apponat
1009 3675 1075 3713 ac
1102 3666 1283 3725 secet,
1316 3656 1431 3713 illis
1456 3656 1728 3713 omnibus
1751 3654 2017 3730 peritior,
2039 3654 2138 3728 qui
2157 3664 2342 3711 artem
2361 3654 2549 3711 fercu-

380 3748 577 3804 lorum
600 3748 985 3805 secandorum
1018 3748 1307 3806 docentur
1334 3750 1395 3805 in
1422 3750 1616 3806 schola
1639 3748 1962 3822 Trypheri,
1985 3747 2047 3801 in
2076 3764 2188 3819 qua
2219 3764 2425 3822 magna
2453 3766 2546 3805 su-

380 3840 568 3910 mina,
601 3842 863 3917 lepores,
908 3841 1068 3915 apri,
1098 3842 1371 3919 pygargi,
1408 3840 1668 3916 phasiani
1706 3840 1991 3916 Scythici,
2031 3838 2294 3915 ingentes
2327 3842 2550 3914 phoeni-

384 3932 641 4007 copteri,
672 3934 887 3991 Gaetuli
920 3953 1153 4011 oryces,
1186 3946 1245 3991 et
1265 3934 1373 3991 alia
1394 3935 1566 3991 lautae
1585 3951 1760 3989 coenae
1780 3933 2028 4001 fereula,
2050 3951 2118 3990 ex
2143 3933 2348 3989 ulmeis
2369 3931 2548 4007 virgis

382 4025 671 4097 confecta,
716 4026 925 4103 ligneis
960 4046 1197 4103 quoque
1226 4039 1284 4083 et
1316 4028 1538 4084 obtusis
1571 4026 1772 4083 cultris
1800 4036 2088 4096 secantur,
2131 4045 2252 4083 nou
2280 4026 2404 4081 sine
2430 4025 2550 4081 fra-

380 4136 527 4194 gore
543 4160 561 4191 ,
582 4103 705 4195 quo
731 4120 993 4179 Saburra
1014 4130 1135 4177 tota
1152 4122 1483 4198 perstrepit.
1507 4122 1786 4181 Structor
1807 4139 1997 4193 meus,
2021 4121 2085 4177 in
2111 4120 2220 4177 hac
2241 4130 2366 4177 arte
2382 4118 2553 4175 valde
