3050 4884
537 345 664 433 276
850 343 1194 413 VARIAE
1236 342 1823 410 LECTIONES
1870 344 2000 410 ET
2043 344 2352 415 NOTAE

528 459 675 508 Immo
687 469 903 525 paratus
924 470 1004 511 est
1023 460 1216 509 trahere
1233 456 1285 509 in
1308 459 1396 529 jus
1416 470 1467 510 te
1482 469 1826 512 cunctantem
1844 469 1895 508 et
1913 477 2124 518 vexate,
2147 461 2434 532 objurgare
2451 473 2504 514 te
2519 463 2668 518 velut

526 541 919 612 sycophantam
955 554 1007 594 et
1047 542 1503 594 calumniatorem.
1547 540 1638 593 Sic
1683 541 1846 608 φθάνει
1888 536 1948 591 δέ
1985 560 2038 592 τι
2076 543 2160 594 καὶ
2203 547 2280 595 τὸν
2318 545 2504 616 ἄγοντα.
2529 547 2668 600 dixit

523 623 704 675 Strato
723 623 908 694 Epigr.
934 624 1127 676 xxvl
1162 625 1215 676 in
1246 624 1479 676 Bruuck.
1510 624 1668 676 Anal.
1712 637 1838 677 tom.
1871 624 1954 689 11,
1986 642 2108 694 pag.
2143 627 2260 678 365.
2299 629 2528 682 Mutatio
2563 649 2664 682 nu-

522 706 683 770 meri,
708 710 1009 779 corfirmetur,
1031 710 1296 774 paea-edit,
1322 719 1423 759 etc.
1437 745 1453 773 ,
1480 707 1680 778 passim
1699 707 1860 761 obvia
1883 718 1963 759 est
1987 720 2040 760 et
2067 708 2288 762 affectui
2307 725 2451 782 apta.

593 862 731 910 Van.
771 862 885 909 108.
920 861 989 906 Ee
1006 875 1231 916 vexare,
1260 875 1336 909 xo.

586 953 725 1006 Nor.
771 970 889 1007 110.
928 956 1131 1004 Fiducia
1155 953 1499 1006 innocentia.

587 1049 723 1100 No’r.
766 1065 893 1112 no,
925 1066 1040 1102 111.
1078 1048 1240 1100 Conf.
1276 1047 1347 1100 ad
1375 1047 1548 1109 VIII,
1581 1047 1698 1100 186.
1724 1049 1914 1098 Urbani
1933 1067 2038 1100 non
2064 1065 2391 1120 cognomen,
2429 1050 2520 1103 sed
2547 1051 2663 1124 epi-

517 1131 703 1184 theton
722 1149 915 1184 scurrae
934 1172 949 1196 ,
976 1151 1067 1184 seu
1088 1130 1249 1184 faceti
1266 1130 1513 1183 hominis.
1557 1129 1641 1182 Cf.
1663 1131 1873 1182 Ernesti
1893 1131 2030 1184 clav.
2051 1132 2161 1184 Cic.
2183 1133 2273 1182 ubi
2307 1133 2420 1183 haec
2441 1135 2660 1187 notavit:

515 1239 538 1262 ι
556 1219 818 1273 Urbanitas
835 1229 914 1268 est
932 1215 1099 1268 virtus
1120 1215 1319 1287 ingenii
1340 1214 1614 1285 animique
1627 1252 1642 1274 ‚
1671 1232 1779 1284 qua
1799 1215 2072 1284 eleganter
2087 1234 2369 1286 possumus
2381 1253 2395 1277 ,
2416 1228 2476 1268 ut
2493 1218 2662 1270 homi-

510 1315 606 1352 nes
627 1299 683 1350 in
706 1300 841 1352 urbe
858 1298 1154 1352 liberaliter
1170 1297 1383 1352 educati
1399 1335 1415 1362 ,
1434 1297 1503 1350 de
1520 1297 1774 1349 omnibus
1793 1298 1952 1350 rebus
1966 1298 2240 1370 judicare,
2261 1319 2432 1370 neque
2451 1301 2662 1373 aliquid

510 1383 679 1455 inepti
716 1395 770 1435 et
806 1381 1025 1434 absurdi
1053 1383 1283 1436 dicimus
1302 1393 1352 1434 et
1383 1381 1612 1433 facimus
1629 1418 1645 1443 ,
1677 1379 1771 1432 sed
1799 1381 1977 1452 potius
2007 1396 2227 1435 venuste
2255 1397 2310 1436 et
2339 1402 2458 1437 cum
2487 1385 2662 1457 specie

512 1465 746 1538 quadam
772 1466 1015 1530 liberali3
1050 1478 1239 1536 estque
1259 1465 1368 1516 hoc
1390 1483 1558 1534 genus
1583 1463 1908 1516 urbanitatis
1928 1485 2025 1536 per
2045 1479 2215 1518 totam
2241 1467 2404 1520 vitam
2423 1509 2439 1532 ‚
2463 1471 2662 1522 oratio-

510 1571 634 1606 nem
656 1570 937 1622 moresque
961 1550 1154 1602 fusum.
1179 1551 1327 1602 Hinc
1354 1554 1568 1599 urbanus
1587 1549 1801 1619 elegans
1822 1549 1877 1601 in
1899 1551 2046 1602 omni
2063 1550 2288 1621 judicio,
2307 1551 2476 1616 dicto,
2499 1554 2658 1616 facto,

510 1635 605 1706 qui
635 1633 929 1706 opponitur
956 1631 1202 1703 imperito
1240 1649 1331 1684 seu
1372 1630 1604 1692 absono,
1636 1644 1693 1683 ut
1723 1632 1904 1692 ἀστεῖος
1937 1652 1969 1685 a
1991 1634 2186 1686 Stoicis
2217 1634 2394 1706 ἀμαθεῖ
2411 1654 2424 1689 :
2463 1635 2662 1690 deinde

506 1730 771 1792 perpetuo
799 1719 979 1768 Romae
1002 1716 1187 1769 vivens
1202 1751 1218 1778 ‚
1246 1726 1341 1766 aut
1362 1715 1533 1768 otiose
1552 1753 1568 1778 ,
1591 1727 1684 1766 aut
1705 1733 1892 1768 causas
1922 1716 1974 1768 iu
2003 1716 2124 1769 foro
2141 1736 2361 1788 gerens,
2389 1732 2490 1772 etc.
2515 1717 2664 1771 deni-

510 1819 615 1872 que
651 1800 883 1864 facetuS,
920 1797 1107 1860 dicax,
1142 1797 1327 1868 quales
1368 1797 1487 1850 fieri
1513 1799 1688 1850 solent
1725 1800 1894 1852 otiose
1931 1801 2114 1852 Romae
2147 1802 2383 1854 viventes
2417 1803 2662 1874 nihilque

512 1896 758 1956 egentes,
792 1883 893 1935 nisi
918 1894 977 1935 ut
996 1883 1049 1934 in
1079 1881 1198 1933 foro
1222 1893 1392 1942 stent,
1433 1893 1533 1934 etc.
1561 1879 1704 1934 unde
1736 1879 1954 1934 tandem
1979 1902 2080 1955 pro
2104 1901 2287 1938 scurra
2311 1883 2420 1937 diei
2439 1888 2612 1958 coepit.
2633 1911 2660 1932 ι

510 1966 667 2021 Conf.
690 1965 760 2020 ad
784 1966 941 2032 xvl,
969 1963 1061 2028 25;
1084 1963 1252 2016 Gron.
1284 1961 1353 2015 ad
1375 1963 1549 2016 Plaut.
1569 1961 1810 2018 Trinum.
1833 1966 1860 2016 1
1876 2005 1890 2029 ‚
1921 1985 1948 2018 2
1967 2005 1981 2028 ‚
2009 1967 2128 2028 165,
2155 1978 2211 2019 ct
2234 1965 2301 2020 de
2320 1967 2532 2020 Sestert.
2558 1969 2658 2033 tv,

509 2069 577 2120 93
604 2051 750 2105 Scal.
776 2062 829 2104 et
856 2052 1012 2102 Doer.
1041 2046 1111 2100 ad
1137 2045 1334 2099 Catuli.
1359 2045 1523 2099 XXII
1543 2085 1556 2109 ‚
1591 2065 1652 2112 α,
1677 2065 1729 2116 9,
1769 2066 1859 2112 ω,
1900 2060 1953 2100 et
1980 2049 2203 2101 Salmas.
2235 2047 2307 2101 ad
2331 2050 2469 2102 Poll.
2495 2051 2658 2103 XXX

515 2147 620 2207 tyr.
642 2152 763 2206 pag.
790 2134 912 2186 316.
935 2161 1003 2172 -——
1022 2131 1267 2198 Fugitivus
1300 2149 1469 2181 scurra
1498 2133 1695 2191 Catulli,
1725 2130 1836 2184 vid.
1862 2131 1934 2184 ad
1951 2133 2117 2198 VIll,
2151 2133 2266 2203 187.

578 2229 718 2281 Nor.
763 2225 1055 2280 lta—113.
1096 2223 1256 2277 Ridet
1289 2237 1447 2297 poeta
1484 2225 1710 2278 Homeri
1743 2239 2059 2279 commenta.
2101 2229 2171 2277 Tu
2197 2229 2346 2278 miser
2369 2231 2654 2293 exclamas,

513 2323 577 2362 nt
599 2327 676 2363 vs.
709 2313 795 2369 31,
829 2310 916 2363 32.
950 2310 1155 2358 Vincere
1184 2309 1419 2360 clamore
1452 2313 1674 2359 Stentora
1705 2309 2068 2378 χαλκεόφωνον,
2104 2300 2168 2368 ὃς
2198 2309 2332 2362 τόσον
2367 2307 2653 2376 αὐδήσασχ’,

509 2393 614 2446 ὅσον
647 2391 783 2444 ἄλλοι
814 2389 1139 2455 «caveam-are,
1172 2391 1316 2444 Hom
1367 2392 1433 2445 11.
1478 2393 1548 2454 V,
1579 2392 1698 2463 785.
1731 2424 1796 2434 -
1832 2395 2102 2459 Gradivus,
2135 2393 2315 2461 Mars,
2347 2397 2651 2458 Homericus,

513 2476 729 2550 qualem
755 2476 1017 2530 Homerus
1044 2473 1277 2545 effingit,
1306 2473 1469 2528 Iliad.
1496 2473 1569 2541 V,
1593 2477 1700 2545 859
1731 2494 1845 2550 seq.

929 2618 1122 2636 ......
1149 2581 1173 2632 ὃ
1204 2575 1251 2631 δ’
1277 2581 1457 2651 ἔβραχι
1474 2582 1681 2648 χάλκεος
1700 2577 1824 2656 Ᾰρης

924 2656 1076 2720 ὅσσον
1101 2662 1145 2714 τ’
1174 2662 1431 2731 ἐννεάχιλοι
1454 2666 1655 2733 ι’πίκχον
1677 2669 1709 2725 ἢ
1731 2665 1981 2737 δεκάχιλοι

922 2735 1091 2818 Ᾰνέρις
1118 2747 1163 2798 ἐν
1191 2747 1407 2820 πολέμῳ,
1430 2745 1570 2819 ἔριδα
1597 2749 1874 2824 ξυνάγοντις
1893 2743 2071 2823 lime,

574 2907 708 2955 Van.
753 2911 867 2960 114.
908 2901 1240 2962 Commiceere,
1269 2919 1349 2964 rr,
1381 2903 1459 2963 13,
1491 2903 1572 2960 18,
1593 2917 1676 2961 οι,
1700 2919 1764 2950 22
1783 2903 2178 2967 ,6o.Emt’nere‚
2203 2904 2284 2964 28,
2314 2905 2400 2953 68.

572 3002 744 3052 Anu..
788 3017 808 3050 ι
826 3004 985 3062 ῐ4-ι
998 3015 1079 3064 ¹9·
1100 2997 1291 3050 Facete
1316 2996 1628 3068 increpatur
1643 2997 1759 3070 ipse
1779 2995 1995 3070 Jupiter
2015 2999 2167 3068 ὅρκιος
2184 3015 2274 3049 seu
2299 2998 2453 3067 ὅρκων
2470 2995 2646 3064 ταμίας

502 3097 557 3140 et
580 3083 807 3157 perjurii
832 3081 1029 3137 vindex
1043 3122 1057 3146 ,
1082 3094 1355 3153 tamquam
1380 3082 1644 3151 impotens
1664 3094 1716 3134 et
1737 3082 1993 3153 ignavum
2027 3101 2226 3136 numen
2249 3085 2345 3152 (ut
2365 3083 2538 3142 Mars,
2559 3081 2645 3144 11,

509 3172 638 3234 130,
680 3169 771 3221 131
797 3169 841 3237 ),
862 3167 1126 3238 simulque
1149 3166 1378 3219 stultitia
1400 3166 1677 3218 hominum
1694 3205 1710 3230 ,
1740 3184 1769 3219 a
1796 3164 1990 3238 quibus
2013 3166 2260 3218 colantur
2291 3163 2392 3224 dii,
2427 3162 2520 3232 qui
2544 3181 2642 3215 nec

498 3251 686 3307 audire
700 3289 717 3316 ,
752 3267 852 3303 nec
872 3247 1055 3302 videre
1074 3261 1127 3302 et
1148 3249 1299 3319 loqui
1322 3249 1555 3320 possint,
1579 3247 1821 3320 adeoque
1843 3249 1956 3303 vita
1975 3259 2215 3312 careant,
2247 3246 2446 3316 quique.
2473 3245 2642 3297 instar

500 3335 781 3389 hominum
798 3331 1111 3384 muneribus
1138 3330 1434 3402 capiantur.
1456 3331 1654 3384 Similis
1673 3345 1752 3384 est
1770 3332 1920 3403 lepos
1941 3343 1994 3383 et
2019 3347 2313 3384 sarcasmus
2335 3326 2556 3381 Luciani
2585 3328 2642 3381 in

497 3419 757 3482 Timone,
784 3435 903 3488 cap.
928 3417 1079 3468 1—6.
1109 3414 1263 3468 Conf.
1289 3426 1343 3466 et
1368 3415 1516 3485 Virg.
1539 3413 1750 3468 AEneid.
1775 3414 1874 3480 IV,
1899 3417 2000 3466 206
2019 3433 2129 3486 seq.

562 3518 706 3571 Nor.
750 3531 769 3567 x
788 3519 847 3576 14
888 3531 1005 3584 seq.
1037 3509 1093 3564 Si
1126 3509 1310 3573 audis,
1342 3510 1576 3582 Jupiter,
1612 3528 1708 3562 cur
1744 3527 1855 3562 non
1894 3528 2066 3560 vocem
2101 3511 2279 3573 mittis,
2314 3504 2642 3578 respondes?

490 3601 663 3658 video,
701 3596 757 3648 in
786 3595 972 3647 statuis
999 3593 1105 3646 tuis
1131 3597 1413 3644 marmoreis
1439 3595 1680 3661 oenet‘sque
1713 3611 1822 3646 non
1851 3592 1974 3664 plus
2009 3591 2132 3646 vitoe
2164 3593 2358 3654 inesse,
2391 3608 2554 3662 quam
2580 3589 2638 3642 in

491 3695 659 3732 statua
692 3680 910 3745 Vagellii
936 3695 1028 3730 seu
1048 3678 1286 3743 Bathslli.

559 3830 703 3880 Vsa.
747 3825 861 3875 115.
898 3825 1151 3887 Debuen's,
1188 3842 1265 3887 17,
1294 3841 1389 3885 ao,
1418 3839 1507 3886 ar,
1541 3841 1624 3876 n.
1651 3827 1878 3889 veheres,
1913 3842 1992 3875 rt.
2015 3852 2084 3864 -
2106 3829 2296 3887 Aenus,
2327 3829 2417 3885 46,
2454 3830 2537 3884 48·
2559 3856 2630 3866 —-

496 3913 745 3969 Aheneus,
783 3909 865 3968 13,
898 3910 983 3967 25,
1015 3918 1112 3973 49,
1150 3911 1245 3972 5ο,
1271 3911 1359 3967 57,
1400 3909 1636 3971 69-63,
1669 3909 1764 3969 66,
1791 3909 1876 3972 67,
1905 3909 1998 3968 68,
2031 3925 2114 3970 71,
2154 3923 2245 3976 72,
2283 3910 2372 3970 73,
2406 3926 2496 3974 773
2526 3911 2631 3959 vid.

494 4010 640 4060 supra
680 3990 744 4040 ad
783 3992 894 4052 111,
942 3991 1061 4040 285.

552 4090 691 4145 Nooe.
734 4104 756 4140 1
772 4088 832 4139 ιδ
850 4124 864 4149 ,
894 4101 917 4138 ι
934 4101 1011 4154 17.
1050 4083 1244 4138 Gravis
1264 4081 1572 4156 objurgatio
1590 4095 1644 4137 et
1667 4093 1793 4156 apta
1812 4083 2058 4156 religioni
2083 4096 2343 4148 veterum,
2365 4083 2459 4153 qui
2481 4085 2618 4136 Deos
