3050 4884
882 412 1260 479 SATIRA
1303 410 1696 478 DECIMA
1740 414 2126 484 TERTIA.
2407 418 2568 499 ·245

428 522 793 621 Egregium
818 542 1259 622 sanctumque
1289 527 1511 595 virum
1545 527 1599 594 si
1629 552 1864 615 cerno,
1899 530 2252 601 bimembri

428 636 579 705 Hoc
604 652 981 707 monstrum
1006 660 1216 732 puero
1231 689 1251 722 ‚
1281 652 1400 705 aut
1424 636 1697 706 miranti
1725 640 1849 707 sub
1876 656 2100 709 aratro
2505 653 2571 708 65

430 742 727 813 Piscibus
754 746 1075 833 inventiS‚
1110 761 1178 816 et
1212 744 1365 815 fetae
1404 770 1726 841 comparo
1761 746 1992 834 mulae,

428 852 795 941 Sollicitus,
828 871 1169 951 tamquam
1202 855 1453 951 lapides
1482 854 1797 925 effuderit
1825 859 2058 945 imber,

425 964 810 1033 Examenve
844 965 1075 1059 apium
1112 966 1314 1061 longa
1350 966 1732 1035 consederit
1767 990 1898 1036 uva

430 1070 741 1143 Culmine
770 1072 1065 1161 delubri,
1098 1090 1435 1169 tamquam
1468 1077 1542 1145 in
1571 1102 1754 1146 mare
1779 1077 2050 1149 fluxerit
2077 1079 2292 1149 amnis

431 1182 833 1276 Gurgitibus
859 1184 1045 1255 miris
1074 1200 1141 1253 et
1168 1182 1357 1255 lactis
1382 1187 1643 1257 vortice
1672 1203 1956 1259 torrens.
2511 1220 2580 1273 70
2669 1226 2676 1235 ·

526 1294 911 1389 Intercepta
938 1294 1165 1365 decem
1201 1296 1499 1390 quereris
1532 1298 1832 1367 sestertia
1863 1296 2102 1368 fraude

432 1400 815 1497 Sacrilega?
845 1403 1063 1491 Quid,
1095 1404 1151 1471 si
1180 1404 1281 1471 his
1308 1420 1584 1473 centum
1611 1406 1906 1499 perdidit
1936 1406 2100 1476 alter

430 1512 583 1579 Hoc
604 1534 848 1581 arcana
870 1512 1075 1581 modo
1086 1510 1129 1580 Ρ·
1148 1512 1482 1605 majorem·
1507 1514 1742 1584 tertius
1777 1512 1888 1583 illa

428 1620 807 1707 Summam,
843 1645 1047 1716 quam
1078 1618 1323 1715 patulae
1355 1623 1467 1692 vix
1500 1638 1770 1718 ceperat
1794 1621 2082 1719 angulus
2110 1619 2334 1693 arcae?

428 1730 595 1800 Tam
629 1730 823 1803 facile
848 1746 917 1801 et
941 1756 1235 1825 pronum
1264 1749 1367 1804 est
1398 1759 1678 1829 superos
1703 1749 2132 1804 contemnere
2159 1745 2387 1818 testes,
2504 1743 2569 1815 7⁵

428 1840 500 1909 Si
527 1840 827 1911 mortalis
855 1841 1039 1911 idem
1067 1867 1270 1912 nemo
1302 1842 1503 1914 sciat!
1542 1845 1835 1939 Adspice
1856 1860 2110 1940 quanta

426 1950 615 2020 Voce
646 1949 893 2047 neget?
921 1975 1070 2045 quae
1100 1953 1192 2021 sit
1224 1953 1369 2023 ficti
1396 1955 1770 2024 constantia
1801 1952 2068 2024 vultus?

427 2062 555 2129 Per
578 2059 749 2130 Solis
776 2061 1024 2150 radios,
1050 2063 1469 2159 Tarpeiaque
1494 2062 1779 2133 fulmina
1799 2063 1984 2157 jurat
2000 2117 2021 2152 ‚

426 2172 516 2239 Et
543 2172 781 2240 Martis
818 2170 1178 2262 frameam,
1218 2188 1288 2242 et
1312 2173 1598 2245 Cirrhaei
1628 2171 1882 2267 spicula
1912 2174 2106 2261 vatis,
2157 2206 2165 2218 ¹

426 2282 555 2350 Per
582 2278 867 2351 calamos
893 2282 1255 2354 venatricis
1282 2284 1802 2381 pharetramque
1828 2283 2095 2375 Puellae,
2501 2298 2571 2351 8ο

425 2484 707 2560 expietur.
729 2488 857 2564 Ego
875 2488 1111 2563 quidem
1127 2529 1144 2562 ‚
1167 2507 1347 2563 quum
1365 2487 1560 2545 virum
1576 2492 1684 2547 hac
1701 2492 1922 2549 virtute
1936 2500 1992 2548 et
2015 2488 2132 2548 fide
2150 2487 2456 2565 praditum
2475 2488 2568 2544 in·

426 2589 617 2649 tneor,
651 2579 853 2637 videre
888 2578 1033 2637 mihi
1072 2579 1281 2637 videor
1312 2578 1592 2637 infantem
1626 2581 1903 2638 membris
1936 2581 2148 2657 partim
2182 2580 2382 2636 ferinis
2424 2598 2567 2636 con-

425 2681 665 2728 stantem
679 2712 697 2743 ‚
712 2681 812 2728 aut
830 2671 1013 2748 pisca
1039 2672 1115 2729 ab
1133 2670 1385 2729 attonito
1410 2672 1665 2747 agricola
1689 2672 1754 2728 in
1772 2691 1916 2747 agro
1941 2689 2113 2747 quem
2129 2682 2256 2727 arat
2277 2670 2566 2739 inventos,

426 2772 523 2821 ant
560 2764 775 2823 mulam
802 2763 1103 2839 gravidam
1126 2785 1142 2821 ε
1170 2782 1277 2821 nec
1303 2762 1494 2819 minus
1531 2762 1618 2819 rei
1644 2762 1904 2821 novitate
1929 2762 2277 2838 perturbor,
2318 2780 2488 2837 quam
2519 2762 2568 2818 si

423 2856 660 2932 pluisset
683 2854 1001 2929 lapidibus,
1022 2866 1124 2911 aut
1147 2872 1326 2929 apum
1347 2870 1616 2927 examen,
1645 2854 1828 2911 instar
1848 2855 2089 2931 oblongi
2111 2854 2321 2911 racemi
2349 2852 2566 2910 confla-

424 2960 547 3005 tum
564 2989 581 3019 ,
608 2948 673 3003 in
709 2946 911 3022 templi
945 2945 1262 3022 cujuspiam
1291 2945 1520 3021 fastigio
1547 2946 1896 3007 consedisset
1910 2988 1927 3018 ,
1955 2957 2055 3003 aut
2093 2958 2322 3003 torrens
2351 2942 2567 3001 flumen

425 3056 643 3116 magno
681 3037 903 3114 impetu
928 3036 991 3094 in
1033 3056 1193 3095 mare
1226 3047 1593 3112 portentosas
1626 3036 1918 3115 sanguinis
1953 3049 2013 3096 et
2050 3037 2212 3095 lactis
2249 3036 2432 3094 undas
2467 3035 2566 3094 de-

426 3132 707 3189 volveret.

504 3244 601 3296 7¹·
644 3223 978 3302 Ingemiscis
997 3266 1015 3297 ,
1059 3224 1221 3298 quod
1266 3242 1374 3299 per
1412 3224 1652 3300 impiam
1686 3225 1951 3285 fraudem
1989 3226 2179 3283 ablata
2209 3226 2425 3283 fuerint
2457 3223 2564 3279 tibi

429 3318 629 3375 decem
671 3318 929 3374 sestertia
970 3338 987 3373 t
1017 3316 1160 3391 quid
1192 3316 1375 3393 igitur
1416 3317 1599 3388 dicas,
1638 3316 1688 3375 si
1721 3336 1918 3376 cernas
1949 3320 2194 3377 alterum
2237 3316 2565 3391 quempiam

426 3408 673 3466 ducenta
718 3407 976 3466 sestertia
1014 3400 1219 3464 itidem
1260 3407 1509 3466 misisse
1526 3450 1547 3480 ,
1588 3428 1716 3485 qnae
1757 3409 2022 3467 similiter
2063 3406 2296 3466 alterius
2337 3406 2474 3463 fidei
2510 3416 2567 3461 et

423 3502 696 3560 custodie
721 3502 868 3558 clam
896 3510 957 3558 et
984 3500 1107 3557 sine
1130 3500 1369 3557 testibus
1398 3500 1763 3559 commiserat
1779 3501 1806 3556 P
1831 3502 1894 3560 Si
1914 3501 2106 3558 videas
2124 3499 2358 3557 tertium
2372 3501 2567 3575 plures

418 3592 637 3671 pariter
652 3610 921 3651 nummos
934 3591 1283 3668 perdidisse,
1300 3592 1405 3668 qni
1420 3593 1521 3649 vix
1541 3593 1606 3650 in
1624 3594 1875 3671 ingentis
1898 3613 2042 3652 arcae
2063 3593 2276 3669 angulo
2299 3603 2567 3667 poterant

424 3685 751 3744 contineri?
781 3686 949 3743 Adeo
982 3684 1147 3743 facile
1190 3695 1250 3742 et
1292 3696 1568 3761 prompte
1598 3686 1858 3744 scelerati
1896 3705 2008 3761 pro
2050 3683 2234 3741 nihilo
2267 3685 2530 3761 pendunt
2548 3727 2565 3757 ,

423 3778 587 3853 quod
616 3788 783 3836 tates
802 3776 1062 3853 perfidie
1091 3796 1205 3835 sua
1236 3786 1295 3835 et
1322 3778 1582 3836 conscios
1605 3779 1852 3836 habeant
1880 3779 2048 3850 deos,
2090 3778 2137 3835 si
2172 3778 2362 3835 nullus
2387 3778 2567 3835 homo

425 3870 686 3928 conscius
715 3870 991 3947 testisque
1022 3868 1123 3927 sit!
1158 3871 1251 3927 En
1274 3868 1373 3927 ine
1398 3870 1670 3947 perjurus
1700 3889 1766 3928 ac
1791 3870 2078 3948 perfidus,
2109 3891 2280 3947 quam
2307 3870 2480 3929 firmo
2512 3881 2570 3929 et

420 3975 617 4023 erecto
652 3966 849 4037 vultu,
890 3984 1061 4041 quam
1082 3964 1306 4021 intenta
1326 3982 1472 4022 voce
1507 3964 1834 4042 depositum
1865 3964 2148 4043 abnegat?
2189 3966 2376 4043 aspice
2397 3984 2567 4021 men-

422 4056 651 4115 dacem!
674 4058 843 4113 Jurat
861 4074 969 4131 per
987 4056 1125 4113 solis
1144 4055 1361 4128 radios,
1384 4075 1495 4132 per
1508 4060 1544 4114 J
1546 4076 1716 4115 ovem
1738 4058 2139 4117 fulminantem
2152 4100 2169 4130 ,
2193 4077 2301 4134 per
2321 4060 2568 4115 Martem

420 4148 927 4225 ense‚Apollinem
944 4147 1147 4225 jaculis
1166 4149 1511 4209 instructum
1526 4191 1547 4224 ‚
1574 4168 1686 4228 per
1707 4150 1948 4209 Dianam
1975 4152 2244 4228 pharetra
2271 4159 2330 4207 et
2351 4149 2568 4227 sagittis
