3050 4884
554 341 683 404 310
1144 343 1225 406 D.
1270 339 1532 417 ,ΠΙ-ΝΠ
1575 337 2114 406 IUVENALIS

553 457 792 550 Longa
818 457 940 524 tibi
974 471 1129 551 post
1162 456 1305 524 haec
1338 453 1484 524 fato
1517 451 1792 522 meliore
1823 452 2187 540 dabuntur,

552 567 626 636 Si
660 580 923 635 tantum
955 565 1117 634 culti
1154 565 1333 634 solus
1368 563 1742 658 possederis
1771 565 1950 660 agri,

550 675 899 763 Quantum
934 675 1058 744 sub
1090 675 1286 744 Tatio
1326 671 1618 768 populus
1653 677 2002 744 Romanus
2031 675 2284 744 arabat.
2605 689 2702 740 160

650 787 819 854 Mox
848 771 1054 853 etiam
1080 783 1309 854 fractis
1336 798 1558 872 aetate,
1591 809 1670 853 ac
1693 784 1952 853 Punica
1978 783 2190 878 passis

558 891 819 981 praelia,
848 890 951 962 vel
978 893 1315 988 Pyrrhum
1344 893 1708 962 immanem
1735 891 2128 988 gladiosque
2155 890 2490 962 Molossos
2505 945 2526 976 ,

552 1003 852 1072 Tandem
884 1027 1011 1098 pro
1040 1001 1269 1072 multis
1294 1003 1407 1070 vix
1426 1003 1668 1098 jugera
1691 1003 1852 1072 bina
1882 1001 2219 1073 dabantur

550 1111 1009 1182 Vulneribus:
1044 1137 1304 1183 merces
1336 1137 1417 1181 ea
1446 1113 1792 1210 sanguinis
1817 1128 2020 1208 atque
2046 1112 2292 1183 laboris

552 1221 771 1292 Nullis
801 1223 943 1292 visa
974 1246 1297 1318 umquam
1322 1223 1576 1308 meritis
1602 1223 1856 1310 minor,
1885 1238 2002 1293 aut
2027 1224 2305 1318 ingratae
2605 1241 2702 1292 165

554 1336 769 1403 Curta
802 1332 973 1403 fides
1005 1333 1283 1428 patriae:
1324 1331 1666 1402 saturabat
1691 1330 1958 1427 glebula
1988 1332 2138 1402 talis

551 1445 817 1513 Patrem
848 1444 1071 1537 ipsum
1094 1443 1497 1538 turbamque
1522 1467 1721 1530 casae,
1755 1467 1893 1537 qua
1920 1441 2052 1512 feta
2073 1443 2344 1538 jacebat

552 1553 766 1641 Uxor,
800 1568 869 1623 et
903 1551 1195 1622 infantes
1231 1551 1555 1622 ludebant
1587 1566 1903 1647 quatuor,
1945 1577 2124 1622 unus

553 1661 888 1751 vernula,
920 1677 1056 1732 tres
1083 1661 1383 1733 domini:
1420 1661 1540 1732 sed
1567 1663 1827 1756 magnis
1851 1662 2172 1732 fratribus
2199 1662 2444 1732 horum

552 1775 614 1842 A
641 1775 877 1844 scrobe
902 1774 1004 1844 vel
1032 1772 1217 1844 sulco
1246 1773 1709 1862 redeuntibuS‚
1747 1773 1962 1842 altera
1989 1797 2180 1844 coena
2607 1805 2705 1856 170

556 1882 891 1980 Amplior,
929 1901 997 1956 et
1032 1885 1319 1981 grandes
1354 1885 1713 1954 fumabant
1740 1879 2040 1979 pultibus
2073 1881 2241 1954 ollae.

556 1994 765 2064 Nunc
794 1995 1034 2064 modus
1060 1995 1178 2065 hic
1209 1997 1354 2091 agri
1386 2010 1620 2065 nostro
1650 2019 1794 2064 non
1827 1993 2082 2065 sufficit
2109 1994 2332 2063 hert0.

556 2103 727 2172 Inde
754 2103 893 2173 fere
919 2103 1242 2174 scelerum
1271 2129 1548 2195 caussae,
1575 2127 1708 2175 nec
1736 2103 1933 2200 plura
1959 2129 2220 2173 venena

554 2213 864 2300 Miscuit,
888 2227 1018 2283 aut-
1031 2213 1214 2284 ferro
1243 2230 1583 2310 grassatur
1607 2215 1848 2308 saepius
1873 2211 2088 2282 ullum

550 2323 882 2393 Humanae
914 2325 1158 2393 mentis
1181 2325 1420 2395 vitium
1435 2378 1455 2412 ‚
1490 2351 1694 2420 quam
1720 2348 1895 2393 saeva
1920 2321 2172 2416 cupido
2607 2339 2704 2404 175

550 2548 645 2595 tos
698 2537 969 2594 habueris
1014 2537 1171 2594 solus
1186 2577 1205 2608 ,
1248 2547 1497 2612 quantos
1548 2538 1777 2616 integer
1828 2537 2080 2612 populus
2129 2537 2424 2594 Romanus
2468 2535 2666 2593 arabat
2685 2577 2703 2605 ,

550 2650 735 2707 quum
760 2629 965 2687 Tatius
992 2629 1223 2688 Sabinis
1254 2628 1634 2705 imperitaret.

633 2723 766 2781 161.
806 2723 947 2779 Non
978 2722 1166 2778 multo
1208 2731 1343 2796 post
1386 2719 1537 2778 illud
1581 2730 1838 2795 tempus,
1876 2719 2160 2777 militibus
2189 2719 2469 2789 Romanis
2507 2720 2702 2778 fractis

553 2826 723 2872 etate
738 2853 759 2888 ,
796 2827 1109 2891 postquam
1144 2814 1538 2872 sustinuerant
1575 2813 1728 2870 bella
1765 2813 2002 2889 punica,
2049 2815 2374 2890 impetusve
2415 2814 2704 2872 terribiles

551 2908 765 2984 Pyrrhi
794 2919 855 2965 et
885 2907 1321 2982 Epiroticorum
1346 2925 1538 2978 enses,
1571 2924 1683 2981 pro
1709 2906 1910 2964 multis
1931 2908 2276 2965 vulneribus
2295 2907 2574 2984 acceptis,
2602 2907 2706 2964 vix

550 2999 673 3057 duo
692 3001 901 3076 jugera
926 3000 1165 3057 tandem
1192 2999 1586 3056 donabantur.
1617 3000 1783 3058 Hanc
1817 2999 2049 3058 sudoris
2069 3000 2242 3057 multi
2267 2999 2609 3074 cruorisque
2637 3000 2702 3056 in

548 3091 709 3148 bello
735 3091 849 3148 fusi
877 3091 1207 3149 mercedem
1232 3110 1406 3148 nemo
1432 3111 1713 3168 umquam
1739 3111 1946 3151 eorum
1965 3094 2188 3150 meritis
2213 3093 2330 3149 suis
2358 3093 2700 3150 inferiorem

550 3183 781 3260 putavit
796 3225 813 3254 ,
840 3193 941 3240 aut
958 3183 1246 3260 ingratam
1266 3183 1489 3243 idcirco
1512 3185 1759 3260 patriam
1777 3227 1794 3258 ‚
1821 3205 1888 3243 ac
1905 3205 2136 3262 parcam
2153 3184 2324 3242 nimis
2347 3194 2432 3241 est
2451 3184 2694 3241 arbitra·

550 3288 665 3333 tus.
690 3276 931 3352 Agellus
950 3275 1239 3351 ejusmodi
1255 3285 1481 3352 patrem
1502 3278 1734 3336 abunde
1751 3277 1964 3347 alebat,
1991 3297 2123 3336 cum
2143 3287 2267 3334 tota
2284 3274 2498 3333 familia
2513 3295 2702 3334 casam

548 3368 881 3439 babitante3
911 3367 978 3424 in
1002 3387 1117 3444 qua
1139 3379 1267 3426 erat
1290 3389 1446 3428 uxor
1469 3389 1777 3448 praegnans
1793 3413 1810 3442 ,
1838 3371 2120 3429 ludebant
2138 3369 2386 3428 infantes
2407 3377 2700 3445 quatuor3

548 3471 670 3518 tres
697 3479 909 3537 nempe
938 3459 1288 3520 filiifamilias
1302 3505 1320 3534 ,
1350 3475 1410 3520 et
1442 3483 1593 3520 unus
1621 3465 1886 3522 servulus
1917 3463 2081 3521 domi
2107 3473 2294 3520 natus.
2321 3461 2442 3520 Sed
2461 3461 2701 3520 illorum
2765 3466 2772 3472 '

548 3552 829 3612 fratribus
854 3553 1099 3628 adultis,
1135 3575 1316 3630 quum
1349 3555 1612 3613 redirent
1637 3557 1712 3614 ab
1743 3575 1920 3633 agro,
1951 3555 2060 3612 ubi
2085 3557 2181 3612 vel
2205 3555 2439 3612 scrobes
2471 3553 2702 3612 effode-

547 3657 714 3718 rant,
736 3649 832 3704 vel
854 3649 1100 3706 humum
1128 3659 1431 3706 araverant
1446 3689 1463 3720 ,
1487 3648 1676 3722 major
1698 3649 1960 3724 quaedam
1988 3665 2150 3707 coena
2175 3649 2608 3720 instruebatur,
2637 3649 2702 3706 in

548 3759 667 3818 qua
696 3742 913 3800 scilicet
943 3746 1136 3820 pultes
1170 3745 1411 3820 larg-iter
1440 3743 1906 3821 apponebantur.
1947 3748 2118 3804 Nunc
2153 3747 2360 3822 jugera
2397 3746 2520 3801 haec
2549 3744 2696 3814 duo,

547 3831 762 3909 quibus
783 3845 1049 3894 veterum
1069 3836 1197 3913 agri
1218 3835 1666 3908 definiebantur,
1687 3838 1906 3896 nostris
1921 3839 2110 3896 hortis
2131 3859 2257 3896 non
2277 3835 2589 3896 sufficiunt.
2612 3839 2701 3894 Ex

544 3927 653 3982 hac
674 3925 951 3983 nimirum
969 3927 1223 3986 habendi
1238 3929 1555 4004 cupiditate
1569 3931 1766 3989 omnia
1788 3931 1968 3991 ferme
1981 3931 2199 4010 flagitia
2212 3931 2663 4009 proficiscuntur
2681 3953 2696 3986 :

486 4073 489 4076 ,
545 4037 737 4094 neque
768 4019 893 4076 ullo
922 4019 1069 4078 vitio
1092 4020 1297 4096 saepius
1327 4033 1428 4080 aut
1458 4024 1534 4081 ad
1566 4043 1787 4082 venena
1809 4025 2103 4084 miscenda
2117 4067 2136 4099 ,
2165 4037 2266 4082 aut
2295 4025 2370 4082 ad
2406 4023 2694 4100 stringen-

546 4112 687 4168 dum
706 4112 929 4170 ferrum
958 4113 1284 4171 excitantur
1304 4117 1594 4190 mortales,
1621 4139 1795 4194 quam
1812 4120 2253 4179 immodicarum
2281 4137 2464 4196 opum
2481 4118 2690 4193 impla-
