3050 4884
528 420 649 485 292
866 394 1203 463 VARIAE
1247 395 1838 462 LECTIONES
1885 399 2007 462 ET
2051 397 2358 464 NOTAE

522 553 527 560 .
592 512 729 564 Nor.
772 509 889 562 218.
925 511 1047 565 Sen.
1071 508 1139 564 de
1159 511 1357 581 Tranq.
1382 509 1576 570 animi,
1600 529 1719 580 cap.
1751 531 1798 563 2.
1824 535 1846 556 α
1861 510 2042 582 Adjice
2060 510 2210 575 illos,
2232 510 2326 582 qui
2349 525 2460 560 non
2479 506 2650 570 aliter,

516 613 681 665 quam
695 592 893 666 quibus
911 591 1150 646 difficilis
1172 610 1389 645 somnus
1404 604 1503 656 est,
1525 604 1743 646 versant
1759 611 1814 645 se
1833 603 1886 645 et
1899 592 2006 646 hoc
2026 603 2186 664 atque
2205 592 2300 644 illo
2319 589 2484 644 modo
2505 606 2650 641 com-

514 689 729 748 ponunt
743 716 760 743 ,
798 674 972 730 donec
1010 675 1247 748 quietem
1292 674 1614 728 lassitudine
1653 675 1944 729 inveniant.
1963 701 1986 724 ι
2023 675 2180 729 Conf.
2228 677 2448 728 Homer.
2489 669 2648 725 Iliad.

520 759 729 826 XXIV,
748 758 801 821 5,
830 776 892 811 10
913 777 1023 831 seq.
1044 758 1244 812 Catull.
1262 759 1325 824 L,
1359 777 1423 811 10
1442 777 1554 830 seq.
1574 770 1630 811 et
1647 759 1813 832 Prop.
1834 758 1880 823 1,
1905 765 1986 824 14,
2005 777 2088 812 ιι.
2108 789 2180 800 --
2195 761 2376 825 Quam
2386 757 2481 811 hic
2495 755 2654 809 nobis

516 845 806 915 imaginem
828 842 1117 898 adumbrat
1140 845 1174 896 J
1180 842 1420 898 uvenalis
1434 882 1452 909 ,
1472 843 1530 895 in
1549 860 1762 896 scenam
1783 841 2052 897 Gallicam
2069 844 2294 898 feliciter
2309 856 2364 897 et
2379 841 2650 913 ingeniose

516 929 791 984 transtulit
808 930 874 982 cl.
898 931 960 980 de
976 935 1121 994 Jouy,
1146 929 1201 981 in
1226 929 1413 981 fabula
1434 931 1584 996 Sylla
1607 929 1825 982 nomine
1841 929 2126 1004 inscripta,
2149 943 2256 984 act.
2280 929 2382 996 IV,
2403 947 2476 982 sc.
2499 927 2562 981 8:

853 1045 881 1064 α
900 1024 1005 1081 Que
1019 1023 1222 1082 vois-je?
1243 1031 1291 1068 et
1305 1023 1413 1084 quel
1430 1025 1650 1083 pouvoir,
1665 1023 1778 1070 dans
1797 1039 1873 1071 ces
1889 1024 2126 1072 demeum
2147 1025 2352 1072 sombres
2363 1059 2378 1082 ,

852 1116 881 1136 α
897 1098 969 1142 De
987 1110 1101 1141 ceux
1120 1093 1257 1156 quej’
1260 1097 1305 1139 ai
1320 1096 1540 1156 proscrits
1556 1111 1585 1140 a
1601 1095 1776 1142 ranime
1793 1097 1858 1144 les
1873 1098 2087 1144 ombres?

850 1169 997 1228 «Que
1012 1169 1301 1215 votalem-vous
1316 1167 1377 1213 de
1394 1171 1515 1224 moi,
1537 1169 1792 1230 transfuga
1811 1170 1893 1217 des
1915 1171 2190 1219 tombeenx?

850 1335 879 1356 «ι
896 1318 952 1362 Ie
964 1317 1032 1363 les
1047 1319 1149 1362 vois
1164 1325 1293 1371 tous,
1310 1316 1377 1362 les
1391 1315 1499 1362 bras
1512 1331 1618 1362 vers
1633 1331 1744 1364 mon
1759 1317 1816 1362 lit
1831 1317 2046 1375 standan,

850 1409 877 1432 α
895 1393 1057 1452 Agiter
1076 1391 1196 1438 leurs
1216 1390 1469 1452 poignards
1485 1406 1564 1438 sur
1579 1405 1690 1436 mon
1707 1394 1803 1436 sein
1824 1393 2088 1454 suspendiis.

848 1484 874 1504 α
892 1466 934 1510 Ο
951 1465 1115 1510 dieux!
1136 1464 1162 1510 ὲ
1182 1479 1257 1509 me
1273 1463 1462 1524 frapper
1480 1461 1603 1509 leurs
1617 1465 1762 1509 mains
1782 1473 1886 1511 sont
1901 1475 2049 1512 tontes
2066 1465 2232 1527 phetes.

850 1537 1507 1594 «Amoi,licteurs!amoi!.
1547 1571 1560 1583 .
1591 1571 1602 1583 .
1640 1571 1653 1582 .
1685 1571 1698 1582 .
1733 1573 1743 1584 .
1781 1573 1794 1584 .
1829 1573 1841 1585 .
1878 1561 1929 1584 ,η

508 1626 647 1692 Quis
667 1644 778 1677 non
792 1663 808 1690 ,
835 1623 1046 1696 quoties
1064 1624 1323 1694 tragicam
1342 1623 1486 1676 hanc
1504 1623 1818 1676 somniantis
1837 1625 2051 1697 tyranni
2068 1642 2354 1698 personam
2379 1625 2490 1696 agit
2505 1643 2647 1677 snm·

506 1728 626 1762 mus
646 1709 737 1761 ille
756 1720 950 1760 nostrai
968 1707 1137 1759 aetatis
1156 1704 1429 1777 tragoedus
1450 1709 1628 1757 Talma
1640 1745 1654 1770 ,
1676 1707 1900 1760 Roscius
1919 1708 2073 1773 alter,
2091 1720 2244 1779 grato
2260 1705 2498 1780 quodam
2518 1709 2648 1760 hor-

506 1811 629 1844 rore
654 1789 1018 1864 perfunditur,
1042 1801 1097 1842 et
1116 1788 1422 1862 pestiferam
1448 1790 1641 1842 mentis
1672 1790 1776 1842 sibi
1801 1793 2060 1846 scelerum
2085 1792 2311 1845 conscia!
2327 1792 2647 1847 anxietatem

509 1874 723 1946 penitus
745 1873 916 1926 oculis
944 1872 1267 1946 patefactam
1292 1871 1597 1924 existimat?

944 1965 1919 2030 ovant-aa‚etqu2uffign2ubeum
2533 1971 2620 2016 En.

580 2135 714 2181 Van.
752 2148 872 2196 ²¹9·
896 2131 961 2177 Ee
986 2131 1230 2194 templum,
1262 2138 1434 2186 24.-
1462 2131 1639 2186 Aram,
1667 2137 1750 2185 24.

582 2227 737 2280 Nor.s
763 2243 881 2292 ²19·
925 2227 1175 2292 Templum
1199 2235 1247 2272 et
1264 2241 1401 2286 ame,
1425 2223 1523 2274 ubi
1544 2221 1817 2294 pejeravit.
1842 2221 1999 2275 Conf.
2028 2221 2117 2276 ad.
2137 2239 2216 2275 vs.
2239 2224 2340 2278 223
2361 2243 2471 2296 seq.

582 2323 723 2374 Nor.
762 2338 882 2373 220.
912 2321 1172 2370 Sudoribus
1201 2316 1391 2388 gelidis
1420 2329 1551 2369 aestu
1579 2335 1644 2370 ac
1661 2317 2066 2388 perturbatione
2088 2318 2252 2370 animi
2269 2321 2546 2391 expressis.
2563 2319 2647 2374 Cf.

510 2407 538 2458 1
556 2443 571 2468 ,
605 2407 735 2466 166,
772 2407 888 2472 167.

580 2502 718 2554 Nor.
758 2515 877 2552 ιιι.
919 2499 1029 2548 Tua
1056 2500 1219 2566 imago
1242 2515 1415 2560 sacru,
1440 2496 1750 2551 veneranda
1775 2498 1798 2566 (
1816 2498 1887 2551 al.
1911 2498 2308 2571 exsecrabilis),
2331 2501 2648 2572 religionem

510 2585 895 2652 horroremque
932 2579 1197 2632 incutiens
1214 2617 1230 2644 ,
1275 2587 1335 2628 ιε’
1353 2580 1515 2646 major
1545 2581 1794 2645 humana,
1829 2579 2042 2648 divina,
2073 2583 2246 2654 qualis
2282 2581 2505 2638 deorum
2538 2603 2650 2638 esse

512 2668 687 2721 solet.¹
732 2664 963 2738 Egregie
984 2662 1331 2716 declarantur
1348 2662 1574 2716 effectus
1591 2664 1821 2717 turbata
1835 2665 2162 2738 phantasia,
2187 2667 2370 2721 omnia
2391 2669 2650 2740 augentis,

510 2753 741 2805 maxime
767 2752 825 2803 in
844 2747 1137 2803 solitudine
1149 2785 1166 2813 ,
1186 2759 1347 2800 nocte
1368 2759 1423 2799 et
1441 2765 1649 2799 somno.

582 2911 717 2956 Vn.
754 2907 875 2956 223.
912 2903 1162 2968 Fulmina,
1188 2905 1240 2965 3,
1268 2912 1327 2965 4,
1353 2905 1433 2962 16,
1462 2919 1527 2952 ιι
1546 2939 1561 2964 ,
1583 2919 1665 2964 27,
1691 2906 1776 2966 46,
1800 2914 1886 2965 47,
1912 2907 1995 2966 48,
2023 2910 2109 2965 64.
2142 2910 2335 2958 solenni
2357 2910 2602 2961 varietate.

582 3003 763 3052 Αιυι..
800 2997 1096 3051 2ι3-228,
1134 2996 1397 3050 Proeclare
1419 3007 1473 3048 et
1494 2995 1755 3067 graphice
1778 2993 1846 3048 de
1870 2997 2090 3050 homine
2115 3000 2377 3054 scelerum
2399 3000 2503 3053 sihi
2528 3019 2652 3054 con-

510 3081 623 3135 scio
636 3120 653 3146 ,
673 3081 729 3132 in
750 3097 859 3150 quo
876 3078 1147 3132 reviviscit
1164 3096 1348 3131 sensus
1363 3077 1638 3149 religionis
1655 3118 1670 3142 ,
1695 3097 1854 3150 quem
1875 3080 2074 3134 frustra
2091 3084 2391 3154 opprimere
2409 3096 2649 3136 conatur.

514 3162 669 3217 Conf.
694 3181 772 3215 vs.
803 3180 921 3228 ²19·
947 3160 1070 3213 Sen.
1094 3161 1224 3214 Nat.
1255 3162 1456 3225 Quaest.
1486 3162 1575 3227 11,
1601 3161 1686 3230 59,
1711 3175 1766 3214 et
1795 3163 1938 3216 Suet.
1967 3163 2139 3235 Calig.
2171 3184 2288 3237 cap.
2319 3165 2404 3218 51.
2449 3167 2650 3218 Contra

514 3249 704 3301 Horat.
729 3243 838 3299 Od.
858 3245 967 3307 111,
993 3248 1043 3306 3,
1067 3262 1091 3296 1
1116 3261 1225 3316 seq.

939 3342 1113 3386 Iustum
1136 3353 1189 3384 ac
1210 3348 1415 3397 tenacem
1432 3341 1664 3401 propositi
1684 3341 1860 3396 virum,
1883 3349 1967 3386 etc.

578 3495 716 3539 Van.
756 3499 873 3547 ²24·
912 3493 1110 3554 Quoque
1119 3487 1308 3553 primo,
1340 3487 1425 3548 25,
1444 3488 1672 3548 46—50,
1699 3491 1922 3550 57—60‚
1944 3489 2036 3549 64,
2063 3487 2150 3536 05.

576 3591 711 3636 Van.
749 3589 870 3636 225.
907 3586 1139 3644 Romaim,
1166 3587 1245 3644 18,
1270 3601 1350 3648 ις),
1375 3599 1460 3642 ao,
1478 3600 1561 3645 27,
1581 3581 1802 3644 45-50,
1825 3585 1915 3642 54,
1936 3585 2027 3643 55,
2048 3584 2130 3644 56,
2151 3585 2374 3648 59-65,
2395 3589 2485 3648 68,
2508 3605 2646 3650 7¹—

510 3680 594 3733 74.
617 3671 681 3718 Et
703 3669 903 3734 quidam
924 3669 1083 3718 codd.
1112 3669 1264 3717 Paris.
1286 3667 1469 3716 'Nostra
1492 3667 1642 3715 lectio
1661 3667 1853 3716 doctior
1870 3677 1960 3716 est.

576 3762 717 3814 Nom.
758 3759 875 3813 225.
912 3761 1171 3820 romaicus,
1208 3776 1363 3822 casu,
1393 3777 1458 3810 ex
1484 3758 1874 3831 Epicureorum
1901 3758 2176 3813 sententia.
2206 3761 2364 3815 Conf.
2398 3762 2536 3816 Plin.
2558 3765 2643 3824 11,

1347 3929 1588 3948 mm
1591 3928 1807 3948 §m

580 4071 597 4096 ¹
636 4060 753 4109 vid.
773 4060 905 4124 Lips.
926 4060 991 4108 ad
1008 4062 1121 4110 Tac.
1146 4063 1283 4110 Ann.
1306 4061 1414 4119 xl,
1437 4075 1522 4122 ιτς
1613 4061 1782 4123 Beyn.
1839 4060 2042 4110 Exeat-s.
2101 4063 2226 4110 xm
2253 4097 2268 4124 ,
2335 4063 2396 4110 nd
2451 4062 2642 4127 Virgilii

506 4143 663 4192 Cerda
687 4141 749 4190 ad
777 4139 951 4206 virgil.
986 4139 1177 4190 AEueid.
1204 4141 1288 4202 11,
1313 4141 1413 4202 773
1432 4174 1449 4202 ,
1478 4150 1526 4187 et
1612 4139 1806 4190 AEneid.
1828 4142 1872 4190 1.
2293 4175 2298 4180 .
