3050 4884
476 377 603 448 312
1030 381 1115 446 D.
1171 379 1447 444 JUNII
1502 377 2078 444 JUVENALIS

471 495 815 590 Majorum
847 495 1059 591 legoe3
1105 507 1225 562 aut
1247 493 1457 562 vitem
1496 517 1700 586 posce
1726 492 1976 564 libello.

471 605 603 677 Sed
633 620 835 700 caput
861 604 1189 674 intactum
1219 602 1401 672 buxo
1426 627 1758 698 naresque
1786 601 2028 697 pilosas

472 716 800 801 Adnotet‚
836 729 905 784 et
935 713 1221 809 grandes
1256 711 1544 782 miretur
1571 711 1812 782 Laelius
1841 710 1996 783 alas,
2527 725 2628 794 ¹9⁵

472 825 687 896 Dirue
719 827 1121 895 Maurorum
1155 823 1459 916 attegiaS‚
1502 818 1770 891 castella
1799 822 2230 916 Brigantum,

474 935 573 1003 Ut
607 931 1007 1028 locupletem
1036 930 1329 1027 aquilam
1363 931 1485 1000 tibi
1511 933 1957 1026 sexagesimus
1983 955 2200 1002 annus

471 1043 772 1134 Afferat3
806 1059 955 1132 aut,
990 1042 1233 1138 longos
1264 1056 1640 1112 castrorum
1679 1039 1862 1111 ferre
1889 1041 2150 1112 labores

470 1156 543 1226 Si
576 1155 794 1250 piget,
834 1167 903 1222 et
934 1151 1285 1248 trepidum
1312 1151 1585 1222 solvunt
1615 1151 1739 1222 tibi
1777 1177 2034 1222 cornua
2061 1166 2366 1222 ventrem

472 1269 650 1336 Cum
683 1262 867 1335 lituis
896 1263 1157 1352 audita,
1191 1288 1419 1358 pares,
1454 1262 1640 1359 quod
1673 1263 1968 1334 vendere
2000 1265 2210 1357 possis
2525 1297 2627 1332 200

474 1373 695 1444 Pluris
733 1373 1045 1462 dimidio,
1085 1399 1211 1444 neo
1246 1388 1313 1444 te
1346 1373 1610 1444 fastidia
1637 1372 1877 1442 mercis

471 1481 695 1552 Ullius
730 1483 1013 1554 subeant
1046 1481 1433 1578 ablegandae
1462 1483 1769 1552 Tiberim
1797 1480 2019 1552 ultra:

470 1595 624 1664 Neu
652 1591 886 1663 credas
913 1591 1309 1686 ponendum
1340 1590 1593 1687 aliquid
1627 1592 2034 1663 discriminis
2063 1593 2242 1663 inter

470 1705 835 1797 Unguenta
864 1715 935 1771 et
968 1701 1232 1770 corium
1263 1727 1279 1769 t
1319 1699 1493 1772 lucri
1522 1701 1744 1770 bonus
1771 1715 1871 1770 est
1897 1700 2070 1771 odor
2097 1727 2180 1771 ex
2211 1727 2285 1770 re

470 1809 810 1899 Qualibet.
847 1809 973 1882 Illa
1004 1827 1122 1881 tuo
1154 1812 1486 1882 sententia
1519 1835 1790 1906 semper
1818 1813 1892 1880 in
1925 1798 2043 1880 ore
2527 1826 2625 1880 205

471 1923 821 2010 Versetur,
840 1921 963 1991 Dis
990 1936 1188 2016 atque
1213 1923 1361 2016 ipso
1382 1923 1555 1992 Jove
1583 1922 1822 2020 digna,
1853 1937 2110 2015 poetae:

472 2032 685 2104 Unum
722 2055 1029 2119 nnus,
1060 2057 1340 2116 Qufflnrr
1378 2057 1624 2120 nmmo3
1671 2057 1799 2105 sen
1833 2055 2150 2103 oronrrr
2179 2055 2478 2103 nunnr.

472 2145 626 2216 Hoc
660 2155 1049 2216 monstrant
1074 2139 1315 2218 vetulae
1347 2143 1572 2237 pueris
1605 2143 1993 2238 repentibus
2025 2167 2226 2213 assae:

474 2254 631 2323 Hoc
660 2249 933 2321 discunt
966 2276 1201 2322 omnes
1233 2265 1387 2322 anto
1422 2250 1628 2347 alpha
1663 2269 1732 2330 et
1765 2254 1922 2324 beta
1959 2252 2214 2347 puellae.
2239 2281 2276 2320 ³>

472 2491 629 2558 dices
658 2494 897 2566 evolve3
938 2505 1039 2552 aut
1062 2495 1421 2554 centurionis
1448 2513 1660 2552 munus
1682 2506 1741 2552 et
1765 2494 2014 2572 insignia
2043 2493 2292 2571 supplici
2317 2493 2520 2552 libello
2549 2495 2626 2552 ab

468 2586 827 2662 imperatore
873 2590 1121 2664 postula.
1168 2589 1289 2646 Sed
1326 2590 1416 2646 fac
1462 2600 1532 2642 ut
1573 2589 1811 2656 laelius,
1867 2587 1990 2644 dux
2035 2586 2320 2646 exer‘citns
2337 2629 2358 2658 ‚
2401 2588 2630 2663 pectine

470 2678 718 2735 intactos
762 2679 870 2735 tibi
911 2690 971 2736 et
1013 2677 1275 2752 hispidos
1314 2697 1435 2734 esse
1476 2676 1666 2734 crines
1685 2718 1703 2747 ‚
1751 2697 1920 2734 nares
1959 2677 2094 2754 pilis
2130 2678 2380 2737 hirsutas
2397 2721 2416 2753 ,
2455 2691 2516 2740 et
2549 2683 2632 2744 la-

474 2779 666 2828 certos
704 2770 968 2847 ingentes
1006 2768 1387 2826 mirabundus
1431 2767 1874 2826 animadvertat.
1905 2771 2120 2828 Everte
2151 2773 2496 2830 Maurorum
2535 2791 2632 2830 ca-

472 2881 559 2920 sus
580 2905 597 2935 ,
650 2881 808 2921 arces
850 2863 1179 2940 Anglorum
1228 2860 1501 2922 exscinde
1522 2902 1542 2932 ,
1592 2871 1660 2916 ut
1695 2879 1878 2935 quum
1917 2861 2098 2918 aetatis
2137 2881 2353 2920 annum
2393 2881 2631 2940 sexage-

471 2956 683 3016 simum
713 2954 1004 3032 attigeris,
1044 2953 1305 3030 signiferi
1334 2973 1548 3012 munus
1577 2951 1640 3010 in
1670 2955 1864 3028 aliqua
1889 2953 2124 3028 legione
2156 2955 2444 3026 obtineas,
2473 2955 2632 3018 unde

470 3065 709 3123 magnas
737 3065 877 3121 opes
910 3045 1163 3121 denique
1190 3047 1582 3120 consequaris.
1619 3045 1800 3116 Quod
1825 3045 1875 3101 si
1910 3044 2158 3103 ferendo
2185 3045 2405 3102 militiae
2439 3047 2634 3105 labori

475 3138 756 3196 diuturno
784 3155 895 3213 par
924 3155 1048 3194 non
1074 3156 1163 3206 es,
1196 3136 1245 3194 si
1270 3136 1485 3194 mixtus
1520 3155 1811 3194 cornuum
1848 3147 1908 3193 et
1941 3136 2224 3194 lituorum
2261 3139 2502 3215 clangor
2525 3137 2634 3194 tibi

472 3239 725 3302 metum,
764 3247 885 3304 quo
924 3229 1251 3288 resolvatur
1284 3229 1482 3299 alvus,
1510 3228 1744 3298 afferat,
1773 3239 2160 3286 mercaturam
2189 3248 2428 3300 exerce,
2464 3247 2630 3286 com-

472 3342 613 3399 para
654 3323 817 3398 quod
850 3321 1067 3378 vendas
1111 3321 1299 3397 pluris
1345 3319 1592 3378 dimidio
1637 3339 1812 3396 quam
1854 3321 2060 3378 emeris
2079 3362 2097 3392 ,
2145 3338 2336 3394 neque
2376 3319 2631 3386 fastidias

475 3415 657 3472 olidas
682 3414 954 3490 quasdam
982 3431 1202 3471 merces
1218 3455 1239 3486 ,
1272 3433 1400 3488 quae
1438 3425 1597 3470 trans
1623 3412 1884 3473 Tiberim
1925 3411 2299 3488 deportandae
2333 3412 2485 3482 sint;
2533 3425 2637 3471 ant

483 3519 653 3582 putes
690 3505 1077 3564 differentiam
1110 3507 1361 3582 aliquam
1398 3507 1554 3572 inter
1589 3519 1883 3581 unguenta
1920 3505 2248 3566 suavissima
2292 3517 2351 3564 et
2386 3506 2634 3564 fetidum

475 3601 702 3658 corium
737 3619 858 3658 esse
895 3601 1291 3659 statuendame
1315 3601 1465 3659 bene
1491 3602 1613 3658 olet
1649 3600 1939 3676 quidquid
1969 3609 2059 3657 est
2082 3598 2262 3670 lucri,
2307 3599 2633 3658 undecum-

475 3711 590 3768 que
621 3693 686 3748 id
722 3693 1014 3750 afferatur.
1068 3695 1241 3752 Hunc
1276 3695 1453 3750 Ennii
1491 3694 1840 3751 versiculum
1859 3735 1877 3764 ,
1919 3693 2162 3769 dignum
2203 3703 2360 3751 certe
2395 3695 2634 3769 Superis

473 3783 805 3841 auctoribus
830 3781 906 3842 'et
942 3785 1069 3860 ipso
1111 3789 1293 3854 Jove,
1330 3805 1560 3863 semper
1599 3806 1858 3860 usurpa:
1887 3787 2107 3844 «Unde
2145 3786 2380 3858 habeas,
2423 3788 2638 3862 quaerit

472 3895 681 3946 nemo;
722 3877 825 3934 sed
865 3889 1102 3952 oportet
1134 3878 1371 3936 habere.
1390 3905 1415 3932 υ
1458 3881 1622 3936 Hanc
1663 3878 1994 3953 praeclaram
2035 3878 2378 3938 sententiam
2419 3879 2635 3937 docent

472 3971 680 4026 vetulae
697 3971 971 4046 parvulos
994 3990 1231 4046 pueros,
1263 3972 1364 4048 qui
1378 3972 1453 4030 ab
1472 3972 1608 4048 ipsis
1631 3970 1852 4046 aliquid
1872 3971 2192 4046 pecuniolae
2213 3971 2502 4048 rogitant:
2529 3989 2630 4040 ea·-

476 4061 605 4118 dcm
631 4062 835 4138 puellae
858 4081 1057 4120 omnes
1084 4065 1452 4140 perdiscunt,
1478 4076 1788 4141 antequam
1811 4065 1999 4141 prima
2020 4065 2320 4124 literarum
2339 4064 2630 4142 appellare

476 4156 677 4213 norint
703 4157 1001 4214 elementa.
