3050 4884
501 345 627 422 242
1049 343 1130 425 D.
1188 341 1466 410 JUNII
1520 341 2083 408 JUVENALIS

497 453 900 528 Particulam
928 456 1040 526 vix
1071 455 1250 526 ferre
1277 471 1465 551 potes
1481 510 1500 544 ,
1538 457 1999 552 spumantibus
2023 457 2260 527 ardens

493 570 918 656 VisceribuS‚
947 592 1210 636 sacrum
1244 566 1366 634 tibi
1399 565 1583 662 quod
1612 592 1751 635 non
1780 565 2015 636 reddat
2038 569 2291 636 amicus
2574 581 2635 634 ιε

491 678 890 771 Depositum
919 703 934 744 ε
966 687 1190 769 stupet
1217 677 1397 762 haic,
1433 677 1550 770 qui
1580 675 1721 768 jam
1750 690 1902 770 post
1932 691 2113 774 terga
2144 673 2416 770 reliquit

491 787 851 881 Sexaginta
886 810 1132 872 annm,
1167 787 1447 854 Fonteio
1479 783 1754 854 consule.
1784 784 2019 855 natus?

493 897 602 966 An
635 895 806 964 nihil
840 897 908 964 in
943 894 1177 964 melius
1211 910 1312 965 tot
1350 920 1577 965 rerum
1608 895 1884 991 proficis
1914 897 2082 967 usu?

491 1009 750 1103 Magna
773 1006 1042 1102 quidem
1060 1059 1080 1092 ‚
1113 1007 1318 1075 sacris
1346 1031 1496 1102 quae
1523 1006 1640 1076 dat
1671 1021 2009 1101 praecepta
2037 1005 2271 1076 libellis

492 1118 753 1186 Victrix
785 1119 838 1184 F
841 1132 1104 1186 ortunae
1139 1117 1478 1211 Sapientia
1505 1142 1523 1186 z
1562 1118 1868 1186 ducimus
1898 1132 2121 1186 autem
2575 1151 2639 1186 ιο

491 1231 633 1297 Hos
669 1251 938 1322 quoque
971 1225 1228 1316 feliceS,
1263 1229 1380 1322 qui
1413 1225 1595 1296 ferre
1628 1227 2059 1297 incommoda
2084 1229 2267 1315 vitae,

457 1334 638 1408 ‘Nec
666 1338 920 1431 jactare
945 1337 1219 1432 jugum,
1254 1338 1394 1408 vita
1425 1337 1720 1408 didicere
1754 1339 2089 1436 magistra.

586 1449 756 1536 Quae
786 1461 923 1514 tam
953 1445 1122 1522 festa
1155 1447 1292 1514 dies
1309 1497 1330 1534 ,
1361 1460 1440 1515 ut
1469 1461 1680 1536 cesset
1707 1447 1993 1544 prodere
2022 1448 2238 1518 furem
2255 1501 2307 1540 ‚0-

490 1560 882 1648 Perfidiam,
922 1557 1221 1644 fraudeS,
1250 1573 1450 1653 atque
1475 1560 1663 1628 omni
1691 1585 1771 1629 ex
1798 1560 2081 1631 crimine
2108 1559 2373 1630 lucrum

488 1672 896 1760 Quaesitum,
936 1684 1004 1738 et
1034 1683 1259 1762 partos
1293 1659 1516 1764 ‘gladio
1545 1669 1649 1739 vel
1682 1669 1927 1765 pyxide
1958 1670 2247 1742 numos?
2576 1685 2637 1738 25

486 1782 651 1850 Rari
689 1780 942 1874 quippe
973 1780 1136 1848 boni
1170 1803 1186 1846 :
1225 1803 1551 1848 numerus
1582 1780 1694 1849 vix
1731 1767 1830 1851 est
1864 1781 2179 1870 totidem,
2217 1796 2383 1877 quot

487 1889 871 1957 Thebarum
899 1901 1140 1980 portae,
1179 1886 1287 1956 vel
1317 1888 1541 1958 divitis
1568 1889 1737 1958 ostia
1762 1887 1925 1961 Nili.

489 1999 693 2069 Nona
720 2012 876 2066 oetas
913 1997 1158 2089 agitur5
1197 1998 1567 2091 pejoraque
1600 1994 1837 2065 saecula
1875 1997 2037 2068 ferri

494 2107 969 2201 TemporibuS‚
1000 2127 1292 2198 quorum
1322 2103 1553 2173 sceleri
1584 2131 1722 2173 non
1758 2106 2017 2175 invenit
2045 2107 2185 2200 ipsa

490 2217 762 2285 Nomen
781 2269 800 2304 ‚
843 2227 910 2282 et
943 2237 982 2280 a
1017 2211 1203 2281 nullo
1241 2213 1466 2306 posuit
1493 2213 1759 2282 Natura
1791 2208 2081 2283 metallo.
2572 2231 2640 2284 3ο

492 2420 687 2498 exigui
728 2437 793 2476 ac
835 2417 980 2474 levis
1018 2417 1164 2475 mali.
1193 2411 1538 2492 particulam
1578 2419 1828 2478 tolerare
1866 2439 2117 2497 nequens
2134 2463 2151 2490 ,
2190 2433 2253 2478 et
2290 2419 2531 2479 furentis
2574 2421 2639 2478 in

491 2530 714 2570 morem
741 2511 936 2568 animo
961 2510 1367 2580 excandescas,
1397 2508 1478 2566 ob
1503 2509 1769 2569 fraudem
1795 2514 1963 2575 amici
1990 2513 2317 2590 depositum
2346 2513 2459 2572 tibi
2475 2514 2641 2574 resti-

493 2618 656 2663 tuere
697 2603 958 2680 negantis
977 2647 993 2676 ,
1032 2603 1194 2678 quod
1234 2605 1428 2660 sancte
1467 2604 1913 2662 custodiendum
1946 2606 2020 2662 ab
2060 2626 2131 2663 eo
2173 2617 2231 2663 et
2274 2607 2637 2664 reddendum

491 2709 634 2756 erat.
659 2697 892 2754 Miraris
915 2697 1028 2754 hoc
1049 2696 1268 2753 scilicet
1283 2738 1300 2767 ,
1326 2707 1390 2753 tu
1412 2697 1591 2754 homo
1614 2698 2045 2774 sexagenarius,
2072 2709 2128 2756 et
2152 2698 2339 2756 editus
2365 2699 2426 2754 in
2450 2701 2639 2756 lucem

495 2809 613 2865 quo
647 2800 908 2865 tempore
939 2789 1221 2846 Fonteius
1249 2789 1611 2844 consulatum
1644 2790 1909 2866 gerebat!
1950 2791 2185 2850 Nihilne
2221 2790 2449 2864 tandem
2486 2790 2641 2846 didi-

490 2882 617 2940 cisti
639 2901 704 2938 ae
727 2879 1026 2960 profecisti
1048 2881 1124 2938 ad
1143 2899 1302 2937 casus
1321 2879 1599 2937 adversos
1622 2880 1805 2938 levius
1831 2879 2103 2938 ferendo·
2130 2891 2247 2938 tam
2270 2883 2441 2958 longa
2468 2899 2641 2958 expe-

489 2975 738 3036 rientia?
779 2977 1050 3050 Magnam
1083 2974 1320 3048 quidem
1349 2974 1468 3030 vim
1509 2974 1725 3032 hahent
1752 2973 2131 3050 philosophia
2162 2984 2481 3048 pracepta,
2514 2993 2641 3048 qun

489 3068 552 3124 in
571 3064 894 3141 sapientum
917 3065 1082 3120 libris
1103 3074 1354 3133 exstant,
1378 3083 1442 3120 ac
1463 3065 1679 3124 docent
1692 3103 1709 3135 ,
1731 3084 1849 3140 quo
1872 3076 2045 3140 pacto
2066 3065 2300 3122 vincere
2322 3067 2367 3120 F
2371 3075 2645 3122 ortanam

489 3155 808 3232 possimus3
853 3174 958 3212 nec
988 3155 1276 3211 minorem
1309 3164 1500 3214 tamen
1526 3157 1605 3214 ad
1631 3157 1797 3216 beate
1834 3157 2150 3216 vivendum
2184 3156 2507 3216 facdtntem
2540 3157 2643 3214 dat

492 3250 616 3324 ipsa
641 3249 774 3305 vitae
803 3246 1150 3324 quotidiana
1177 3249 1539 3306 consuetudo
1566 3261 1623 3306 et
1646 3267 1843 3308 rerum
1872 3269 2042 3320 usus,
2078 3269 2257 3325 quum
2290 3248 2639 3325 perferendo

495 3361 880 3400 aerumnarum
912 3340 1055 3416 jugo
1079 3360 1196 3401 nos
1222 3341 1549 3412 assuefacit,
1584 3353 1644 3400 et
1668 3343 1749 3400 ad
1782 3343 1929 3405 hanc
1964 3343 2255 3419 patientie
2282 3340 2639 3418 disciplinam

494 3436 770 3512 magister
795 3434 1008 3492 erudit.

573 3529 668 3584 23.
711 3531 868 3602 Age,
896 3546 1064 3602 quem
1097 3525 1260 3584 dabis
1287 3527 1434 3584 mihi
1465 3527 1621 3588 diem
1648 3540 1763 3586 tam
1793 3549 2015 3588 sacrum
2032 3573 2051 3602 ,
2080 3541 2195 3588 um
2222 3531 2463 3598 festum,
2496 3527 2643 3603 quin

488 3619 699 3694 uliquis
722 3618 786 3675 in
812 3637 882 3676 eo
911 3620 1376 3695 deprehendatur
1407 3619 1687 3695 perfidus,
1722 3623 2149 3690 fraudulentus,
2180 3623 2295 3690 snt,
2322 3636 2497 3680 omne
2520 3618 2641 3677 cri-

493 3710 716 3768 minum
753 3730 936 3788 genus
977 3712 1126 3768 lucri
1157 3729 1352 3770 caussa
1395 3725 1725 3788 susceptum
1746 3756 1764 3786 ,
1799 3726 1859 3771 et
1898 3732 2039 3791 opes
2076 3716 2235 3772 ferro
2268 3725 2369 3772 aut
2412 3730 2647 3770 veneno

490 3806 698 3880 partae!
727 3804 984 3879 Exiguus
1014 3824 1224 3880 nempe
1256 3823 1531 3863 numerus
1560 3801 1884 3881 prob'orum
1908 3821 2011 3866 est.
2050 3810 2159 3866 Vix
2184 3818 2273 3864 tot
2294 3815 2427 3865 sunt
2444 3847 2461 3874 ,
2492 3814 2641 3880 quot

488 3897 649 3956 urbis
667 3897 953 3953 Thebanae
980 3909 1164 3972 portae
1183 3939 1199 3968 ,
1229 3900 1320 3954 vel
1340 3899 1487 3956 ostia
1513 3893 1671 3970 Nili‘,
1700 3901 1801 3975 qui
1822 3901 1969 3958 ditat
1994 3905 2327 3976 AEgyptum.
2351 3899 2643 3959 Saeculum

489 4001 756 4048 nostrum
781 3987 974 4046 ferreo
1003 3989 1105 4046 illo
1132 3991 1346 4048 saeculo
1377 3991 1631 4048 deterius
1663 4003 1779 4060 est,
1808 4011 1999 4068 neque
2024 3995 2207 4052 ullum
2236 3993 2413 4050 habet
2440 3989 2643 4046 metal-

488 4083 610 4140 lum
635 4093 836 4140 natura
853 4119 870 4152 ‚
897 4100 1018 4158 quo
1047 4101 1214 4139 nonae
1242 4081 1414 4157 hujus
1445 4082 1624 4142 aetatis
1644 4082 2075 4162 improbitatem
2106 4084 2385 4161 designet·
2420 4085 2499 4145 Et
2531 4099 2644 4138 nos
