<?xml version="1.0" encoding="UTF-8"?>
<!DOCTYPE html PUBLIC "-//W3C//DTD XHTML 1.0 Transitional//EN"
    "http://www.w3.org/TR/xhtml1/DTD/xhtml1-transitional.dtd">
<html xmlns="http://www.w3.org/1999/xhtml" xml:lang="en" lang="en">
 <head>
  <title>
</title>
<meta http-equiv="Content-Type" content="text/html;charset=utf-8" />
  <meta name='ocr-system' content='tesseract 3.04.00' />
  <meta name='ocr-capabilities' content='ocr_page ocr_carea ocr_par ocr_line ocrx_word'/>
</head>
<body>
  <div class='ocr_page' id='page_1' title='image "./djuniijuvenalis00jouvgoog/djuniijuvenalis00jouvgoog_0064.png"; bbox 0 0 3050 4884; ppageno 0'>
   <div class='ocr_carea' id='block_1_1' title="bbox 1021 392 2512 508">
    <p class='ocr_par' dir='ltr' id='par_1_1' title="bbox 1021 392 2512 508">
     <span class='ocr_line' id='line_1_1' title="bbox 1021 392 2512 508; baseline -0.004 -15"><span class='ocrx_word' id='word_1_1' title='bbox 1021 426 1396 493; x_wconf 76' lang='lat' dir='ltr'>sATfflA</span> <span class='ocrx_word' id='word_1_2' title='bbox 1444 424 1861 491; x_wconf 80' lang='lat' dir='ltr'><strong>DECIMA.</strong></span> <span class='ocrx_word' id='word_1_3' title='bbox 2214 392 2221 401; x_wconf 78' lang='grc'><strong>’</strong></span> <span class='ocrx_word' id='word_1_4' title='bbox 2432 422 2512 508; x_wconf 86' lang='lat'>⁵7</span> 
     </span>
    </p>
   </div>
   <div class='ocr_carea' id='block_1_2' title="bbox 365 536 2521 2165">
    <p class='ocr_par' dir='ltr' id='par_1_2' title="bbox 365 536 2521 2165">
     <span class='ocr_line' id='line_1_2' title="bbox 366 536 2237 637; baseline 0.003 -33"><span class='ocrx_word' id='word_1_5' title='bbox 366 536 566 606; x_wconf 83' lang='lat' dir='ltr'><strong>Posse</strong></span> <span class='ocrx_word' id='word_1_6' title='bbox 589 538 828 610; x_wconf 90' lang='lat' dir='ltr'>volunt</span> <span class='ocrx_word' id='word_1_7' title='bbox 857 566 874 610; x_wconf 78' lang='lat' dir='ltr'>t</span> <span class='ocrx_word' id='word_1_8' title='bbox 909 543 1024 611; x_wconf 83' lang='lat' dir='ltr'>sed</span> <span class='ocrx_word' id='word_1_9' title='bbox 1055 568 1204 637; x_wconf 83' lang='lat' dir='ltr'>quae</span> <span class='ocrx_word' id='word_1_10' title='bbox 1233 539 1555 635; x_wconf 84' lang='lat' dir='ltr'>praeclara</span> <span class='ocrx_word' id='word_1_11' title='bbox 1584 556 1653 609; x_wconf 88' lang='lat' dir='ltr'>et</span> <span class='ocrx_word' id='word_1_12' title='bbox 1680 566 2005 634; x_wconf 88' lang='lat' dir='ltr'>prospera</span> <span class='ocrx_word' id='word_1_13' title='bbox 2033 542 2237 625; x_wconf 85' lang='lat' dir='ltr'>tanti,</span> 
     </span>
     <span class='ocr_line' id='line_1_3' title="bbox 367 646 1881 748; baseline 0.004 -35"><span class='ocrx_word' id='word_1_14' title='bbox 367 646 468 714; x_wconf 87' lang='lat' dir='ltr'>Ut</span> <span class='ocrx_word' id='word_1_15' title='bbox 494 649 690 721; x_wconf 91' lang='lat' dir='ltr'>rebus</span> <span class='ocrx_word' id='word_1_16' title='bbox 714 651 880 721; x_wconf 80' lang='lat' dir='ltr'>laetis</span> <span class='ocrx_word' id='word_1_17' title='bbox 908 678 1030 748; x_wconf 86' lang='lat' dir='ltr'>par</span> <span class='ocrx_word' id='word_1_18' title='bbox 1057 653 1144 721; x_wconf 84' lang='lat' dir='ltr'>sit</span> <span class='ocrx_word' id='word_1_19' title='bbox 1169 676 1483 721; x_wconf 89' lang='lat' dir='ltr'>mensura</span> <span class='ocrx_word' id='word_1_20' title='bbox 1508 648 1881 719; x_wconf 81' lang='lat' dir='ltr'>malorum?</span> 
     </span>
     <span class='ocr_line' id='line_1_4' title="bbox 366 756 2087 855; baseline 0.002 -31"><span class='ocrx_word' id='word_1_21' title='bbox 366 756 592 850; x_wconf 89' lang='lat' dir='ltr'>Hujus</span> <span class='ocrx_word' id='word_1_22' title='bbox 623 762 740 854; x_wconf 89' lang='lat' dir='ltr'>qui</span> <span class='ocrx_word' id='word_1_23' title='bbox 770 761 1098 845; x_wconf 84' lang='lat' dir='ltr'>trabitur,</span> <span class='ocrx_word' id='word_1_24' title='bbox 1128 775 1516 855; x_wconf 68' lang='lat' dir='ltr'>praetextam</span> <span class='ocrx_word' id='word_1_25' title='bbox 1550 784 1814 830; x_wconf 90' lang='lat' dir='ltr'>sumere</span> <span class='ocrx_word' id='word_1_26' title='bbox 1838 760 2087 829; x_wconf 82' lang='lat' dir='ltr'>mavis?</span> 
     </span>
     <span class='ocr_line' id='line_1_5' title="bbox 365 868 2517 965; baseline 0.001 -32"><span class='ocrx_word' id='word_1_27' title='bbox 365 868 476 933; x_wconf 90' lang='lat' dir='ltr'>An</span> <span class='ocrx_word' id='word_1_28' title='bbox 503 869 909 940; x_wconf 81' lang='lat' dir='ltr'><strong>Fidenarum</strong></span> <span class='ocrx_word' id='word_1_29' title='bbox 937 872 1448 964; x_wconf 82' lang='lat' dir='ltr'>Gabiorumque</span> <span class='ocrx_word' id='word_1_30' title='bbox 1476 894 1617 939; x_wconf 90' lang='lat' dir='ltr'>esse</span> <span class='ocrx_word' id='word_1_31' title='bbox 1645 886 1967 965; x_wconf 84' lang='lat' dir='ltr'>potestas,</span> <span class='ocrx_word' id='word_1_32' title='bbox 2228 884 2249 895; x_wconf 85' lang='grc'><em>“</em></span> <span class='ocrx_word' id='word_1_33' title='bbox 2420 901 2517 935; x_wconf 84' lang='lat'>100</span> 
     </span>
     <span class='ocr_line' id='line_1_6' title="bbox 367 976 1807 1074; baseline 0.004 -32"><span class='ocrx_word' id='word_1_34' title='bbox 367 978 460 1043; x_wconf 89' lang='lat' dir='ltr'>Et</span> <span class='ocrx_word' id='word_1_35' title='bbox 488 976 571 1047; x_wconf 91' lang='lat' dir='ltr'>de</span> <span class='ocrx_word' id='word_1_36' title='bbox 604 1005 914 1049; x_wconf 85' lang='lat' dir='ltr'>mensura</span> <span class='ocrx_word' id='word_1_37' title='bbox 931 981 1042 1074; x_wconf 86' lang='lat' dir='ltr'>jus</span> <span class='ocrx_word' id='word_1_38' title='bbox 1065 981 1332 1066; x_wconf 84' lang='lat' dir='ltr'>dicere,</span> <span class='ocrx_word' id='word_1_39' title='bbox 1361 993 1518 1048; x_wconf 81' lang='lat' dir='ltr'>vasa</span> <span class='ocrx_word' id='word_1_40' title='bbox 1542 979 1807 1048; x_wconf 89' lang='lat' dir='ltr'>minora</span> 
     </span>
     <span class='ocr_line' id='line_1_7' title="bbox 367 1086 1954 1184; baseline 0.001 -32"><span class='ocrx_word' id='word_1_41' title='bbox 367 1086 710 1181; x_wconf 86' lang='lat' dir='ltr'><strong>Frangere</strong></span> <span class='ocrx_word' id='word_1_42' title='bbox 738 1114 1077 1184; x_wconf 87' lang='lat' dir='ltr'>pannosus</span> <span class='ocrx_word' id='word_1_43' title='bbox 1103 1090 1330 1158; x_wconf 86' lang='lat' dir='ltr'>vacuis</span> <span class='ocrx_word' id='word_1_44' title='bbox 1361 1086 1603 1157; x_wconf 85' lang='lat' dir='ltr'>AEdilis</span> <span class='ocrx_word' id='word_1_45' title='bbox 1630 1087 1954 1156; x_wconf 79' lang='lat' dir='ltr'>Ulubris?</span> 
     </span>
     <span class='ocr_line' id='line_1_8' title="bbox 367 1196 2015 1294; baseline 0.003 -34"><span class='ocrx_word' id='word_1_46' title='bbox 367 1196 556 1289; x_wconf 86' lang='lat' dir='ltr'>Ergo</span> <span class='ocrx_word' id='word_1_47' title='bbox 581 1197 744 1291; x_wconf 90' lang='lat' dir='ltr'>quid</span> <span class='ocrx_word' id='word_1_48' title='bbox 767 1198 1142 1294; x_wconf 88' lang='lat' dir='ltr'>optandum</span> <span class='ocrx_word' id='word_1_49' title='bbox 1171 1198 1384 1282; x_wconf 85' lang='lat' dir='ltr'>foret,</span> <span class='ocrx_word' id='word_1_50' title='bbox 1415 1199 1758 1292; x_wconf 85' lang='lat' dir='ltr'>ignorasse</span> <span class='ocrx_word' id='word_1_51' title='bbox 1785 1196 2015 1265; x_wconf 82' lang='lat' dir='ltr'>fateris</span> 
     </span>
     <span class='ocr_line' id='line_1_9' title="bbox 370 1303 2033 1402; baseline 0.002 -32"><span class='ocrx_word' id='word_1_52' title='bbox 370 1303 684 1396; x_wconf 87' lang='lat' dir='ltr'>Sejanum</span> <span class='ocrx_word' id='word_1_53' title='bbox 717 1334 733 1375; x_wconf 74' lang='grc' dir='ltr'><strong>ε</strong></span> <span class='ocrx_word' id='word_1_54' title='bbox 774 1332 930 1376; x_wconf 89' lang='lat' dir='ltr'>nam</span> <span class='ocrx_word' id='word_1_55' title='bbox 969 1308 1086 1402; x_wconf 91' lang='lat' dir='ltr'>qui</span> <span class='ocrx_word' id='word_1_56' title='bbox 1122 1307 1366 1375; x_wconf 90' lang='lat' dir='ltr'>nimios</span> <span class='ocrx_word' id='word_1_57' title='bbox 1395 1308 1673 1400; x_wconf 87' lang='lat' dir='ltr'>optabat</span> <span class='ocrx_word' id='word_1_58' title='bbox 1704 1307 2033 1385; x_wconf 76' lang='lat' dir='ltr'>honoreS‚</span> 
     </span>
     <span class='ocr_line' id='line_1_10' title="bbox 369 1414 2517 1511; baseline -0 -31"><span class='ocrx_word' id='word_1_59' title='bbox 369 1415 461 1481; x_wconf 89' lang='lat' dir='ltr'>Et</span> <span class='ocrx_word' id='word_1_60' title='bbox 492 1414 730 1485; x_wconf 88' lang='lat' dir='ltr'>nimias</span> <span class='ocrx_word' id='word_1_61' title='bbox 762 1417 1082 1510; x_wconf 76' lang='lat' dir='ltr'>poscebat</span> <span class='ocrx_word' id='word_1_62' title='bbox 1107 1440 1295 1511; x_wconf 89' lang='lat' dir='ltr'>opes,</span> <span class='ocrx_word' id='word_1_63' title='bbox 1327 1439 1691 1484; x_wconf 87' lang='lat' dir='ltr'>numerosa</span> <span class='ocrx_word' id='word_1_64' title='bbox 1723 1416 2003 1511; x_wconf 84' lang='lat' dir='ltr'>parabat</span> <span class='ocrx_word' id='word_1_65' title='bbox 2424 1428 2517 1480; x_wconf 80' lang='lat'>105</span> 
     </span>
     <span class='ocr_line' id='line_1_11' title="bbox 369 1522 1926 1612; baseline 0 -21"><span class='ocrx_word' id='word_1_66' title='bbox 369 1522 658 1594; x_wconf 83' lang='lat' dir='ltr'>Excelsae</span> <span class='ocrx_word' id='word_1_67' title='bbox 696 1526 900 1595; x_wconf 88' lang='lat' dir='ltr'>turris</span> <span class='ocrx_word' id='word_1_68' title='bbox 939 1523 1266 1612; x_wconf 82' lang='lat' dir='ltr'>tabulata,</span> <span class='ocrx_word' id='word_1_69' title='bbox 1302 1523 1484 1593; x_wconf 88' lang='lat' dir='ltr'>unde</span> <span class='ocrx_word' id='word_1_70' title='bbox 1524 1522 1723 1591; x_wconf 87' lang='lat' dir='ltr'>altior</span> <span class='ocrx_word' id='word_1_71' title='bbox 1754 1538 1926 1592; x_wconf 87' lang='lat' dir='ltr'>esset</span> 
     </span>
     <span class='ocr_line' id='line_1_12' title="bbox 372 1631 1989 1729; baseline 0.001 -30"><span class='ocrx_word' id='word_1_72' title='bbox 372 1632 616 1718; x_wconf 78' lang='lat' dir='ltr'>CasuS,</span> <span class='ocrx_word' id='word_1_73' title='bbox 652 1650 719 1702; x_wconf 86' lang='lat' dir='ltr'>et</span> <span class='ocrx_word' id='word_1_74' title='bbox 756 1632 1058 1729; x_wconf 84' lang='lat' dir='ltr'>impulsae</span> <span class='ocrx_word' id='word_1_75' title='bbox 1091 1659 1390 1729; x_wconf 82' lang='lat' dir='ltr'>praeceps</span> <span class='ocrx_word' id='word_1_76' title='bbox 1425 1633 1718 1701; x_wconf 87' lang='lat' dir='ltr'>immane</span> <span class='ocrx_word' id='word_1_77' title='bbox 1750 1631 1989 1700; x_wconf 83' lang='lat' dir='ltr'>ruinae.</span> 
     </span>
     <span class='ocr_line' id='line_1_13' title="bbox 463 1738 2244 1838; baseline 0 -29"><span class='ocrx_word' id='word_1_78' title='bbox 463 1741 651 1830; x_wconf 90' lang='lat' dir='ltr'><strong>Quid</strong></span> <span class='ocrx_word' id='word_1_79' title='bbox 681 1746 980 1829; x_wconf 77' lang='lat' dir='ltr'>CrassoS,</span> <span class='ocrx_word' id='word_1_80' title='bbox 1013 1742 1176 1838; x_wconf 91' lang='lat' dir='ltr'>quid</span> <span class='ocrx_word' id='word_1_81' title='bbox 1213 1742 1577 1836; x_wconf 91' lang='lat' dir='ltr'>Pompeios</span> <span class='ocrx_word' id='word_1_82' title='bbox 1608 1738 1890 1810; x_wconf 82' lang='lat' dir='ltr'>evertit?</span> <span class='ocrx_word' id='word_1_83' title='bbox 1921 1756 1989 1809; x_wconf 91' lang='lat' dir='ltr'>et</span> <span class='ocrx_word' id='word_1_84' title='bbox 2016 1739 2207 1810; x_wconf 88' lang='lat' dir='ltr'>illum</span> <span class='ocrx_word' id='word_1_85' title='bbox 2226 1794 2244 1827; x_wconf 90' lang='lat'>,</span> 
     </span>
     <span class='ocr_line' id='line_1_14' title="bbox 370 1850 2035 1947; baseline 0 -28"><span class='ocrx_word' id='word_1_86' title='bbox 370 1850 480 1919; x_wconf 94' lang='lat' dir='ltr'>Ad</span> <span class='ocrx_word' id='word_1_87' title='bbox 516 1876 634 1921; x_wconf 86' lang='lat' dir='ltr'>sua</span> <span class='ocrx_word' id='word_1_88' title='bbox 663 1854 777 1947; x_wconf 90' lang='lat' dir='ltr'>qui</span> <span class='ocrx_word' id='word_1_89' title='bbox 814 1852 1104 1923; x_wconf 88' lang='lat' dir='ltr'>domitos</span> <span class='ocrx_word' id='word_1_90' title='bbox 1136 1853 1418 1922; x_wconf 89' lang='lat' dir='ltr'>deduxit</span> <span class='ocrx_word' id='word_1_91' title='bbox 1453 1853 1665 1946; x_wconf 85' lang='lat' dir='ltr'>flagra</span> <span class='ocrx_word' id='word_1_92' title='bbox 1693 1851 2035 1940; x_wconf 76' lang='lat' dir='ltr'>Quirites?</span> 
     </span>
     <span class='ocr_line' id='line_1_15' title="bbox 371 1950 2521 2056; baseline -0.001 -27"><span class='ocrx_word' id='word_1_93' title='bbox 371 1962 685 2029; x_wconf 88' lang='lat' dir='ltr'>Summus</span> <span class='ocrx_word' id='word_1_94' title='bbox 721 1987 966 2056; x_wconf 90' lang='lat' dir='ltr'>nempe</span> <span class='ocrx_word' id='word_1_95' title='bbox 979 1950 1180 2031; x_wconf 74' lang='lat' dir='ltr'>&#39;locus</span> <span class='ocrx_word' id='word_1_96' title='bbox 1214 1961 1398 2033; x_wconf 88' lang='lat' dir='ltr'>nulla</span> <span class='ocrx_word' id='word_1_97' title='bbox 1433 1986 1577 2030; x_wconf 89' lang='lat' dir='ltr'>non</span> <span class='ocrx_word' id='word_1_98' title='bbox 1614 1976 1755 2031; x_wconf 87' lang='lat' dir='ltr'>arte</span> <span class='ocrx_word' id='word_1_99' title='bbox 1792 1962 2062 2055; x_wconf 81' lang='lat' dir='ltr'>petituS,</span> <span class='ocrx_word' id='word_1_100' title='bbox 2423 1994 2521 2029; x_wconf 79' lang='lat' dir='ltr'>no</span> 
     </span>
     <span class='ocr_line' id='line_1_16' title="bbox 375 2070 2077 2165; baseline 0.002 -30"><span class='ocrx_word' id='word_1_101' title='bbox 375 2070 760 2163; x_wconf 84' lang='lat' dir='ltr'>Magnaque</span> <span class='ocrx_word' id='word_1_102' title='bbox 791 2070 1182 2140; x_wconf 86' lang='lat' dir='ltr'>numinibus</span> <span class='ocrx_word' id='word_1_103' title='bbox 1218 2086 1376 2139; x_wconf 88' lang='lat' dir='ltr'>vota</span> <span class='ocrx_word' id='word_1_104' title='bbox 1408 2070 1718 2139; x_wconf 83' lang='lat' dir='ltr'>exaudita</span> <span class='ocrx_word' id='word_1_105' title='bbox 1750 2070 2077 2165; x_wconf 61' lang='lat' dir='ltr'>malignis</span> 
     </span>
    </p>
   </div>
   <div class='ocr_carea' id='block_1_3' title="bbox 375 2316 2523 2490">
    <p class='ocr_par' dir='ltr' id='par_1_3' title="bbox 375 2316 2523 2490">
     <span class='ocr_line' id='line_1_17' title="bbox 379 2316 2521 2398; baseline -0.001 -24"><span class='ocrx_word' id='word_1_106' title='bbox 379 2328 473 2375; x_wconf 80' lang='lat' dir='ltr'>ter</span> <span class='ocrx_word' id='word_1_107' title='bbox 499 2331 840 2394; x_wconf 81' lang='lat' dir='ltr'>potestatem</span> <span class='ocrx_word' id='word_1_108' title='bbox 869 2322 1174 2396; x_wconf 84' lang='lat' dir='ltr'>cujuslibet</span> <span class='ocrx_word' id='word_1_109' title='bbox 1215 2320 1601 2379; x_wconf 84' lang='lat' dir='ltr'>interficiendi</span> <span class='ocrx_word' id='word_1_110' title='bbox 1640 2322 1877 2392; x_wconf 83' lang='lat' dir='ltr'>habeat,</span> <span class='ocrx_word' id='word_1_111' title='bbox 1912 2320 2173 2398; x_wconf 87' lang='lat' dir='ltr'>quamvis</span> <span class='ocrx_word' id='word_1_112' title='bbox 2208 2320 2407 2377; x_wconf 83' lang='lat' dir='ltr'>eadem</span> <span class='ocrx_word' id='word_1_113' title='bbox 2436 2316 2521 2373; x_wconf 81' lang='lat' dir='ltr'>uti</span> 
     </span>
     <span class='ocr_line' id='line_1_18' title="bbox 375 2408 2523 2490; baseline -0.002 -22"><span class='ocrx_word' id='word_1_114' title='bbox 375 2411 566 2469; x_wconf 78' lang='lat' dir='ltr'>nolit?</span> <span class='ocrx_word' id='word_1_115' title='bbox 603 2414 720 2472; x_wconf 87' lang='lat' dir='ltr'>Sed</span> <span class='ocrx_word' id='word_1_116' title='bbox 749 2434 1012 2490; x_wconf 84' lang='lat' dir='ltr'>quaenam</span> <span class='ocrx_word' id='word_1_117' title='bbox 1042 2417 1273 2473; x_wconf 86' lang='lat' dir='ltr'>tandem</span> <span class='ocrx_word' id='word_1_118' title='bbox 1317 2416 1450 2471; x_wconf 81' lang='lat' dir='ltr'>vitae</span> <span class='ocrx_word' id='word_1_119' title='bbox 1483 2414 1746 2471; x_wconf 84' lang='lat' dir='ltr'>conditio</span> <span class='ocrx_word' id='word_1_120' title='bbox 1779 2414 2096 2489; x_wconf 77' lang='lat' dir='ltr'>quamlibet</span> <span class='ocrx_word' id='word_1_121' title='bbox 2130 2413 2298 2482; x_wconf 85' lang='lat' dir='ltr'><strong>felix,</strong></span> <span class='ocrx_word' id='word_1_122' title='bbox 2332 2408 2523 2485; x_wconf 84' lang='lat' dir='ltr'>optari</span> 
     </span>
    </p>
   </div>
   <div class='ocr_carea' id='block_1_4' title="bbox 377 2506 2525 2674">
    <p class='ocr_par' dir='ltr' id='par_1_4' title="bbox 377 2506 2525 2674">
     <span class='ocr_line' id='line_1_19' title="bbox 379 2506 2523 2584; baseline -0 -26"><span class='ocrx_word' id='word_1_123' title='bbox 379 2514 440 2559; x_wconf 84' lang='lat' dir='ltr'>et</span> <span class='ocrx_word' id='word_1_124' title='bbox 460 2506 682 2580; x_wconf 78' lang='lat' dir='ltr'>acquiri</span> <span class='ocrx_word' id='word_1_125' title='bbox 708 2519 984 2579; x_wconf 86' lang='lat' dir='ltr'>meretur,</span> <span class='ocrx_word' id='word_1_126' title='bbox 1014 2528 1078 2565; x_wconf 83' lang='lat' dir='ltr'>ea</span> <span class='ocrx_word' id='word_1_127' title='bbox 1103 2510 1249 2584; x_wconf 83' lang='lat' dir='ltr'>lege,</span> <span class='ocrx_word' id='word_1_128' title='bbox 1275 2519 1342 2563; x_wconf 87' lang='lat' dir='ltr'>ut</span> <span class='ocrx_word' id='word_1_129' title='bbox 1363 2508 1535 2564; x_wconf 86' lang='lat' dir='ltr'>bonis</span> <span class='ocrx_word' id='word_1_130' title='bbox 1556 2510 1706 2565; x_wconf 85' lang='lat' dir='ltr'>mala</span> <span class='ocrx_word' id='word_1_131' title='bbox 1735 2518 2125 2583; x_wconf 65' lang='lat' dir='ltr'>exaequentur,</span> <span class='ocrx_word' id='word_1_132' title='bbox 2156 2518 2215 2563; x_wconf 89' lang='lat' dir='ltr'>et</span> <span class='ocrx_word' id='word_1_133' title='bbox 2244 2514 2523 2581; x_wconf 80' lang='lat' dir='ltr'>quantum</span> 
     </span>
     <span class='ocr_line' id='line_1_20' title="bbox 377 2594 2525 2674; baseline -0.001 -23"><span class='ocrx_word' id='word_1_134' title='bbox 377 2614 452 2651; x_wconf 85' lang='lat' dir='ltr'>ex</span> <span class='ocrx_word' id='word_1_135' title='bbox 473 2612 540 2653; x_wconf 89' lang='lat' dir='ltr'>ea</span> <span class='ocrx_word' id='word_1_136' title='bbox 565 2596 752 2672; x_wconf 81' lang='lat' dir='ltr'>capias</span> <span class='ocrx_word' id='word_1_137' title='bbox 779 2598 1073 2655; x_wconf 87' lang='lat' dir='ltr'>commodi</span> <span class='ocrx_word' id='word_1_138' title='bbox 1107 2611 1166 2655; x_wconf 89' lang='lat' dir='ltr'>et</span> <span class='ocrx_word' id='word_1_139' title='bbox 1186 2599 1503 2674; x_wconf 79' lang='lat' dir='ltr'>voluptatis</span> <span class='ocrx_word' id='word_1_140' title='bbox 1524 2639 1541 2667; x_wconf 97' lang='lat'>,</span> <span class='ocrx_word' id='word_1_141' title='bbox 1571 2608 1793 2654; x_wconf 85' lang='lat' dir='ltr'>tantum</span> <span class='ocrx_word' id='word_1_142' title='bbox 1824 2597 2182 2655; x_wconf 86' lang='lat' dir='ltr'>incommodi</span> <span class='ocrx_word' id='word_1_143' title='bbox 2208 2616 2273 2652; x_wconf 83' lang='lat' dir='ltr'>ac</span> <span class='ocrx_word' id='word_1_144' title='bbox 2303 2594 2525 2651; x_wconf 84' lang='lat' dir='ltr'>doloris</span> 
     </span>
    </p>
   </div>
   <div class='ocr_carea' id='block_1_5' title="bbox 374 2684 2651 2765">
    <p class='ocr_par' dir='ltr' id='par_1_5' title="bbox 374 2684 2651 2765">
     <span class='ocr_line' id='line_1_21' title="bbox 374 2684 2651 2765; baseline 0 -25"><span class='ocrx_word' id='word_1_145' title='bbox 374 2686 640 2743; x_wconf 76' lang='lat' dir='ltr'>haurias?</span> <span class='ocrx_word' id='word_1_146' title='bbox 661 2691 816 2764; x_wconf 84' lang='lat' dir='ltr'>Age,</span> <span class='ocrx_word' id='word_1_147' title='bbox 835 2708 976 2745; x_wconf 89' lang='lat' dir='ltr'>num</span> <span class='ocrx_word' id='word_1_148' title='bbox 998 2688 1191 2761; x_wconf 85' lang='lat' dir='ltr'>Sejani</span> <span class='ocrx_word' id='word_1_149' title='bbox 1205 2730 1222 2759; x_wconf 94' lang='lat'>,</span> <span class='ocrx_word' id='word_1_150' title='bbox 1251 2690 1352 2763; x_wconf 88' lang='lat' dir='ltr'>qui</span> <span class='ocrx_word' id='word_1_151' title='bbox 1369 2708 1525 2745; x_wconf 87' lang='lat' dir='ltr'>unco</span> <span class='ocrx_word' id='word_1_152' title='bbox 1552 2689 1803 2744; x_wconf 85' lang='lat' dir='ltr'>trahitur</span> <span class='ocrx_word' id='word_1_153' title='bbox 1823 2688 1898 2743; x_wconf 86' lang='lat' dir='ltr'>ad</span> <span class='ocrx_word' id='word_1_154' title='bbox 1920 2687 2259 2765; x_wconf 81' lang='lat' dir='ltr'>Gemonias,</span> <span class='ocrx_word' id='word_1_155' title='bbox 2281 2684 2526 2741; x_wconf 86' lang='lat' dir='ltr'>induere</span> <span class='ocrx_word' id='word_1_156' title='bbox 2644 2718 2651 2725; x_wconf 85' lang='lat'><strong>·</strong></span> 
     </span>
    </p>
   </div>
   <div class='ocr_carea' id='block_1_6' title="bbox 373 2774 2532 3774">
    <p class='ocr_par' dir='ltr' id='par_1_6' title="bbox 373 2774 2531 3683">
     <span class='ocr_line' id='line_1_22' title="bbox 377 2774 2525 2856; baseline -0.002 -21"><span class='ocrx_word' id='word_1_157' title='bbox 377 2790 713 2851; x_wconf 82' lang='lat' dir='ltr'>praetextam</span> <span class='ocrx_word' id='word_1_158' title='bbox 739 2782 966 2849; x_wconf 87' lang='lat' dir='ltr'>malles,</span> <span class='ocrx_word' id='word_1_159' title='bbox 998 2800 1171 2856; x_wconf 84' lang='lat' dir='ltr'>quam</span> <span class='ocrx_word' id='word_1_160' title='bbox 1192 2781 1593 2856; x_wconf 84' lang='lat' dir='ltr'>magistratum</span> <span class='ocrx_word' id='word_1_161' title='bbox 1626 2797 1828 2856; x_wconf 85' lang='lat' dir='ltr'><strong>gerere</strong></span> <span class='ocrx_word' id='word_1_162' title='bbox 1848 2778 1913 2834; x_wconf 86' lang='lat' dir='ltr'>in</span> <span class='ocrx_word' id='word_1_163' title='bbox 1938 2777 2220 2853; x_wconf 86' lang='lat' dir='ltr'>oppidulo</span> <span class='ocrx_word' id='word_1_164' title='bbox 2252 2774 2525 2851; x_wconf 84' lang='lat' dir='ltr'>quopiam</span> 
     </span>
     <span class='ocr_line' id='line_1_23' title="bbox 373 2866 2525 2945; baseline -0.001 -21"><span class='ocrx_word' id='word_1_165' title='bbox 373 2868 628 2939; x_wconf 72' lang='lat' dir='ltr'>doeertO,</span> <span class='ocrx_word' id='word_1_166' title='bbox 643 2882 785 2945; x_wconf 85' lang='lat' dir='ltr'>puta</span> <span class='ocrx_word' id='word_1_167' title='bbox 796 2870 1051 2941; x_wconf 86' lang='lat' dir='ltr'>Fidenis,</span> <span class='ocrx_word' id='word_1_168' title='bbox 1070 2870 1288 2941; x_wconf 83' lang='lat' dir='ltr'>Gabiis,</span> <span class='ocrx_word' id='word_1_169' title='bbox 1306 2890 1478 2945; x_wconf 87' lang='lat' dir='ltr'>quam</span> <span class='ocrx_word' id='word_1_170' title='bbox 1493 2871 1676 2927; x_wconf 76' lang='lat' dir='ltr'>sedilis</span> <span class='ocrx_word' id='word_1_171' title='bbox 1690 2888 1812 2926; x_wconf 90' lang='lat' dir='ltr'>esse</span> <span class='ocrx_word' id='word_1_172' title='bbox 1826 2868 2091 2937; x_wconf 84' lang='lat' dir='ltr'>Ulubris,</span> <span class='ocrx_word' id='word_1_173' title='bbox 2099 2867 2299 2942; x_wconf 89' lang='lat' dir='ltr'>ibique</span> <span class='ocrx_word' id='word_1_174' title='bbox 2317 2866 2525 2922; x_wconf 87' lang='lat' dir='ltr'>detrita</span> 
     </span>
     <span class='ocr_line' id='line_1_24' title="bbox 377 2960 2527 3035; baseline -0.002 -19"><span class='ocrx_word' id='word_1_175' title='bbox 377 2971 539 3018; x_wconf 74' lang='lat' dir='ltr'>veste</span> <span class='ocrx_word' id='word_1_176' title='bbox 569 2962 810 3020; x_wconf 88' lang='lat' dir='ltr'>indutus</span> <span class='ocrx_word' id='word_1_177' title='bbox 838 2964 968 3019; x_wconf 87' lang='lat' dir='ltr'>lites</span> <span class='ocrx_word' id='word_1_178' title='bbox 1000 2964 1074 3021; x_wconf 91' lang='lat' dir='ltr'>de</span> <span class='ocrx_word' id='word_1_179' title='bbox 1103 2962 1386 3019; x_wconf 86' lang='lat' dir='ltr'>mensuris</span> <span class='ocrx_word' id='word_1_180' title='bbox 1413 2974 1805 3019; x_wconf 86' lang='lat' dir='ltr'>mercatorum</span> <span class='ocrx_word' id='word_1_181' title='bbox 1836 2972 1895 3017; x_wconf 88' lang='lat' dir='ltr'>et</span> <span class='ocrx_word' id='word_1_182' title='bbox 1918 2960 2279 3035; x_wconf 82' lang='lat' dir='ltr'>ponderibus</span> <span class='ocrx_word' id='word_1_183' title='bbox 2300 2968 2527 3014; x_wconf 82' lang='lat' dir='ltr'>coortas</span> 
     </span>
     <span class='ocr_line' id='line_1_25' title="bbox 381 3051 2529 3132; baseline -0.002 -21"><span class='ocrx_word' id='word_1_184' title='bbox 381 3054 727 3129; x_wconf 81' lang='lat' dir='ltr'>dijudicare,</span> <span class='ocrx_word' id='word_1_185' title='bbox 759 3078 824 3114; x_wconf 83' lang='lat' dir='ltr'>ac</span> <span class='ocrx_word' id='word_1_186' title='bbox 854 3060 1062 3132; x_wconf 87' lang='lat' dir='ltr'>pocula</span> <span class='ocrx_word' id='word_1_187' title='bbox 1089 3056 1360 3128; x_wconf 86' lang='lat' dir='ltr'>minoris,</span> <span class='ocrx_word' id='word_1_188' title='bbox 1393 3076 1567 3132; x_wconf 84' lang='lat' dir='ltr'>quam</span> <span class='ocrx_word' id='word_1_189' title='bbox 1590 3058 1685 3113; x_wconf 83' lang='lat' dir='ltr'>lex</span> <span class='ocrx_word' id='word_1_190' title='bbox 1710 3055 1904 3128; x_wconf 88' lang='lat' dir='ltr'>jubet,</span> <span class='ocrx_word' id='word_1_191' title='bbox 1934 3053 2265 3131; x_wconf 74' lang='lat' dir='ltr'>capacitatis</span> <span class='ocrx_word' id='word_1_192' title='bbox 2289 3051 2529 3108; x_wconf 85' lang='lat' dir='ltr'>commi-</span> 
     </span>
     <span class='ocr_line' id='line_1_26' title="bbox 379 3145 2530 3226; baseline -0.002 -22"><span class='ocrx_word' id='word_1_193' title='bbox 379 3150 598 3205; x_wconf 76' lang='lat' dir='ltr'>nuere?</span> <span class='ocrx_word' id='word_1_194' title='bbox 637 3150 919 3207; x_wconf 89' lang='lat' dir='ltr'>Concedis</span> <span class='ocrx_word' id='word_1_195' title='bbox 953 3151 1135 3226; x_wconf 85' lang='lat' dir='ltr'>igitur</span> <span class='ocrx_word' id='word_1_196' title='bbox 1167 3149 1436 3224; x_wconf 85' lang='lat' dir='ltr'>Sejanum</span> <span class='ocrx_word' id='word_1_197' title='bbox 1463 3146 1767 3205; x_wconf 82' lang='lat' dir='ltr'>nescivisse</span> <span class='ocrx_word' id='word_1_198' title='bbox 1801 3147 1946 3224; x_wconf 88' lang='lat' dir='ltr'>quid</span> <span class='ocrx_word' id='word_1_199' title='bbox 1981 3145 2301 3205; x_wconf 84' lang='lat' dir='ltr'>desiderari</span> <span class='ocrx_word' id='word_1_200' title='bbox 2319 3164 2351 3199; x_wconf 86' lang='lat' dir='ltr'>a</span> <span class='ocrx_word' id='word_1_201' title='bbox 2373 3163 2530 3200; x_wconf 88' lang='lat' dir='ltr'>mor-</span> 
     </span>
     <span class='ocr_line' id='line_1_27' title="bbox 383 3236 2529 3316; baseline -0.001 -23"><span class='ocrx_word' id='word_1_202' title='bbox 383 3238 620 3309; x_wconf 79' lang='lat' dir='ltr'>talibus,</span> <span class='ocrx_word' id='word_1_203' title='bbox 653 3242 728 3297; x_wconf 83' lang='lat' dir='ltr'>ad</span> <span class='ocrx_word' id='word_1_204' title='bbox 767 3260 963 3297; x_wconf 81' lang='lat' dir='ltr'>veram</span> <span class='ocrx_word' id='word_1_205' title='bbox 1001 3240 1330 3297; x_wconf 80' lang='lat' dir='ltr'>felicitatem</span> <span class='ocrx_word' id='word_1_206' title='bbox 1363 3240 1857 3315; x_wconf 85' lang='lat' dir='ltr'>consequendam,</span> <span class='ocrx_word' id='word_1_207' title='bbox 1885 3248 2218 3316; x_wconf 87' lang='lat' dir='ltr'>oporteret:</span> <span class='ocrx_word' id='word_1_208' title='bbox 2244 3236 2347 3311; x_wconf 88' lang='lat' dir='ltr'>qui</span> <span class='ocrx_word' id='word_1_209' title='bbox 2375 3236 2529 3291; x_wconf 87' lang='lat' dir='ltr'>enim</span> 
     </span>
     <span class='ocr_line' id='line_1_28' title="bbox 382 3327 2529 3408; baseline -0.001 -21"><span class='ocrx_word' id='word_1_210' title='bbox 382 3332 688 3389; x_wconf 83' lang='lat' dir='ltr'>immensas</span> <span class='ocrx_word' id='word_1_211' title='bbox 721 3352 860 3408; x_wconf 86' lang='lat' dir='ltr'>opes</span> <span class='ocrx_word' id='word_1_212' title='bbox 887 3335 950 3390; x_wconf 90' lang='lat' dir='ltr'>in</span> <span class='ocrx_word' id='word_1_213' title='bbox 980 3334 1158 3389; x_wconf 84' lang='lat' dir='ltr'>altum</span> <span class='ocrx_word' id='word_1_214' title='bbox 1189 3332 1552 3403; x_wconf 81' lang='lat' dir='ltr'>exstruebat,</span> <span class='ocrx_word' id='word_1_215' title='bbox 1584 3332 1687 3407; x_wconf 90' lang='lat' dir='ltr'>qui</span> <span class='ocrx_word' id='word_1_216' title='bbox 1720 3332 2036 3408; x_wconf 80' lang='lat' dir='ltr'>cupiditate</span> <span class='ocrx_word' id='word_1_217' title='bbox 2062 3328 2305 3386; x_wconf 88' lang='lat' dir='ltr'>honoris</span> <span class='ocrx_word' id='word_1_218' title='bbox 2333 3327 2529 3384; x_wconf 83' lang='lat' dir='ltr'>insana</span> 
     </span>
     <span class='ocr_line' id='line_1_29' title="bbox 381 3420 2527 3500; baseline -0.002 -20"><span class='ocrx_word' id='word_1_219' title='bbox 381 3424 706 3500; x_wconf 85' lang='lat' dir='ltr'>principem</span> <span class='ocrx_word' id='word_1_220' title='bbox 723 3425 787 3481; x_wconf 89' lang='lat' dir='ltr'>in</span> <span class='ocrx_word' id='word_1_221' title='bbox 809 3426 1034 3482; x_wconf 74' lang='lat' dir='ltr'>civitate</span> <span class='ocrx_word' id='word_1_222' title='bbox 1055 3427 1248 3482; x_wconf 86' lang='lat' dir='ltr'>locum</span> <span class='ocrx_word' id='word_1_223' title='bbox 1270 3424 1585 3494; x_wconf 81' lang='lat' dir='ltr'>ambiebat,</span> <span class='ocrx_word' id='word_1_224' title='bbox 1603 3424 1651 3480; x_wconf 84' lang='lat' dir='ltr'>is</span> <span class='ocrx_word' id='word_1_225' title='bbox 1669 3424 1878 3480; x_wconf 88' lang='lat' dir='ltr'>turrim</span> <span class='ocrx_word' id='word_1_226' title='bbox 1897 3421 2179 3479; x_wconf 79' lang='lat' dir='ltr'>aedificare</span> <span class='ocrx_word' id='word_1_227' title='bbox 2201 3420 2527 3477; x_wconf 75' lang='lat' dir='ltr'>altissimam</span> 
     </span>
     <span class='ocr_line' id='line_1_30' title="bbox 381 3512 2531 3592; baseline -0 -23"><span class='ocrx_word' id='word_1_228' title='bbox 381 3516 712 3587; x_wconf 78' lang='lat' dir='ltr'>videbatur,</span> <span class='ocrx_word' id='word_1_229' title='bbox 736 3516 894 3573; x_wconf 86' lang='lat' dir='ltr'>unde</span> <span class='ocrx_word' id='word_1_230' title='bbox 921 3518 1150 3574; x_wconf 89' lang='lat' dir='ltr'>caderet</span> <span class='ocrx_word' id='word_1_231' title='bbox 1174 3516 1405 3592; x_wconf 75' lang='lat' dir='ltr'>gravius</span> <span class='ocrx_word' id='word_1_232' title='bbox 1421 3557 1438 3586; x_wconf 94' lang='lat'>,</span> <span class='ocrx_word' id='word_1_233' title='bbox 1459 3514 1857 3590; x_wconf 81' lang='lat' dir='ltr'>impulsusque</span> <span class='ocrx_word' id='word_1_234' title='bbox 1878 3514 1941 3569; x_wconf 89' lang='lat' dir='ltr'>in</span> <span class='ocrx_word' id='word_1_235' title='bbox 1960 3512 2279 3586; x_wconf 87' lang='lat' dir='ltr'>subjectum</span> <span class='ocrx_word' id='word_1_236' title='bbox 2305 3532 2371 3568; x_wconf 85' lang='lat' dir='ltr'>ac</span> <span class='ocrx_word' id='word_1_237' title='bbox 2386 3532 2531 3589; x_wconf 85' lang='lat' dir='ltr'>pro-</span> 
     </span>
     <span class='ocr_line' id='line_1_31' title="bbox 385 3605 2051 3683; baseline -0.001 -22"><span class='ocrx_word' id='word_1_238' title='bbox 385 3606 632 3664; x_wconf 74' lang='lat' dir='ltr'>fundum</span> <span class='ocrx_word' id='word_1_239' title='bbox 663 3608 1044 3683; x_wconf 66' lang='lat' dir='ltr'>praecipitium</span> <span class='ocrx_word' id='word_1_240' title='bbox 1073 3608 1232 3664; x_wconf 83' lang='lat' dir='ltr'>clade</span> <span class='ocrx_word' id='word_1_241' title='bbox 1261 3605 1470 3680; x_wconf 84' lang='lat' dir='ltr'>majori</span> <span class='ocrx_word' id='word_1_242' title='bbox 1497 3617 1555 3662; x_wconf 89' lang='lat' dir='ltr'>et</span> <span class='ocrx_word' id='word_1_243' title='bbox 1578 3607 1811 3681; x_wconf 81' lang='lat' dir='ltr'>fragore</span> <span class='ocrx_word' id='word_1_244' title='bbox 1839 3615 2051 3661; x_wconf 88' lang='lat' dir='ltr'>rueret.</span> 
     </span>
    </p>

    <p class='ocr_par' dir='ltr' id='par_1_7' title="bbox 473 3695 2532 3774">
     <span class='ocr_line' id='line_1_32' title="bbox 473 3695 2532 3774; baseline -0.002 -19"><span class='ocrx_word' id='word_1_245' title='bbox 473 3702 602 3757; x_wconf 86' lang='lat'>108.</span> <span class='ocrx_word' id='word_1_246' title='bbox 651 3702 810 3771; x_wconf 89' lang='lat' dir='ltr'>Quid</span> <span class='ocrx_word' id='word_1_247' title='bbox 835 3700 1015 3757; x_wconf 84' lang='lat' dir='ltr'>exitio</span> <span class='ocrx_word' id='word_1_248' title='bbox 1040 3696 1254 3757; x_wconf 80' lang='lat' dir='ltr'>Cr‘assis</span> <span class='ocrx_word' id='word_1_249' title='bbox 1267 3740 1282 3768; x_wconf 86' lang='lat'>,</span> <span class='ocrx_word' id='word_1_250' title='bbox 1307 3699 1451 3774; x_wconf 87' lang='lat' dir='ltr'>quid</span> <span class='ocrx_word' id='word_1_251' title='bbox 1472 3697 1763 3773; x_wconf 85' lang='lat' dir='ltr'>Pompeiis</span> <span class='ocrx_word' id='word_1_252' title='bbox 1780 3696 1889 3752; x_wconf 76' lang='lat' dir='ltr'>suit</span> <span class='ocrx_word' id='word_1_253' title='bbox 1904 3696 1931 3751; x_wconf 73' lang='lat' dir='ltr'>i&gt;</span> <span class='ocrx_word' id='word_1_254' title='bbox 1950 3696 2095 3769; x_wconf 88' lang='lat' dir='ltr'>quid</span> <span class='ocrx_word' id='word_1_255' title='bbox 2110 3695 2427 3771; x_wconf 87' lang='lat' dir='ltr'>perniciem</span> <span class='ocrx_word' id='word_1_256' title='bbox 2444 3696 2532 3753; x_wconf 85' lang='lat' dir='ltr'>illi</span> 
     </span>
    </p>
   </div>
   <div class='ocr_carea' id='block_1_7' title="bbox 387 3787 2619 3866">
    <p class='ocr_par' dir='ltr' id='par_1_8' title="bbox 387 3787 2619 3866">
     <span class='ocr_line' id='line_1_33' title="bbox 387 3787 2619 3866; baseline -0.001 -22"><span class='ocrx_word' id='word_1_257' title='bbox 387 3790 614 3861; x_wconf 80' lang='lat' dir='ltr'>attulit,</span> <span class='ocrx_word' id='word_1_258' title='bbox 651 3810 684 3845; x_wconf 91' lang='lat' dir='ltr'>a</span> <span class='ocrx_word' id='word_1_259' title='bbox 712 3810 829 3865; x_wconf 87' lang='lat' dir='ltr'>quo</span> <span class='ocrx_word' id='word_1_260' title='bbox 859 3792 1112 3866; x_wconf 89' lang='lat' dir='ltr'>populus</span> <span class='ocrx_word' id='word_1_261' title='bbox 1144 3792 1439 3847; x_wconf 81' lang='lat' dir='ltr'>Romanus</span> <span class='ocrx_word' id='word_1_262' title='bbox 1467 3790 1732 3847; x_wconf 83' lang='lat' dir='ltr'>redactus</span> <span class='ocrx_word' id='word_1_263' title='bbox 1762 3788 1826 3843; x_wconf 88' lang='lat' dir='ltr'>in</span> <span class='ocrx_word' id='word_1_264' title='bbox 1856 3788 2225 3858; x_wconf 79' lang='lat' dir='ltr'>servitutem,</span> <span class='ocrx_word' id='word_1_265' title='bbox 2257 3806 2326 3844; x_wconf 80' lang='lat' dir='ltr'>ac</span> <span class='ocrx_word' id='word_1_266' title='bbox 2350 3787 2533 3845; x_wconf 74' lang='lat' dir='ltr'>veluti</span> <span class='ocrx_word' id='word_1_267' title='bbox 2602 3835 2619 3841; x_wconf 84' lang='lat'>-</span> 
     </span>
    </p>
   </div>
   <div class='ocr_carea' id='block_1_8' title="bbox 383 3879 2533 4236">
    <p class='ocr_par' dir='ltr' id='par_1_9' title="bbox 383 3879 2533 4236">
     <span class='ocr_line' id='line_1_34' title="bbox 383 3879 2533 3956; baseline -0.002 -19"><span class='ocrx_word' id='word_1_268' title='bbox 383 3879 528 3937; x_wconf 83' lang='lat' dir='ltr'>loris</span> <span class='ocrx_word' id='word_1_269' title='bbox 549 3898 745 3951; x_wconf 78' lang='lat' dir='ltr'>caesus,</span> <span class='ocrx_word' id='word_1_270' title='bbox 763 3894 823 3939; x_wconf 89' lang='lat' dir='ltr'>et</span> <span class='ocrx_word' id='word_1_271' title='bbox 838 3881 1020 3939; x_wconf 87' lang='lat' dir='ltr'>instar</span> <span class='ocrx_word' id='word_1_272' title='bbox 1037 3882 1306 3956; x_wconf 83' lang='lat' dir='ltr'>mancipii</span> <span class='ocrx_word' id='word_1_273' title='bbox 1326 3882 1557 3938; x_wconf 85' lang='lat' dir='ltr'>habitus</span> <span class='ocrx_word' id='word_1_274' title='bbox 1578 3880 1701 3938; x_wconf 78' lang='lat' dir='ltr'>est?</span> <span class='ocrx_word' id='word_1_275' title='bbox 1718 3879 2007 3935; x_wconf 82' lang='lat' dir='ltr'>Nimirum</span> <span class='ocrx_word' id='word_1_276' title='bbox 2026 3879 2357 3936; x_wconf 82' lang='lat' dir='ltr'>dominatus</span> <span class='ocrx_word' id='word_1_277' title='bbox 2372 3880 2533 3934; x_wconf 79' lang='lat' dir='ltr'>omni</span> 
     </span>
     <span class='ocr_line' id='line_1_35' title="bbox 385 3973 2533 4050; baseline 0 -21"><span class='ocrx_word' id='word_1_278' title='bbox 385 3973 762 4031; x_wconf 88' lang='lat' dir='ltr'>contentione</span> <span class='ocrx_word' id='word_1_279' title='bbox 799 3976 1066 4050; x_wconf 77' lang='lat' dir='ltr'>quaesitus</span> <span class='ocrx_word' id='word_1_280' title='bbox 1081 4016 1098 4045; x_wconf 94' lang='lat'>,</span> <span class='ocrx_word' id='word_1_281' title='bbox 1137 3986 1195 4033; x_wconf 87' lang='lat' dir='ltr'>et</span> <span class='ocrx_word' id='word_1_282' title='bbox 1225 3976 1506 4031; x_wconf 68' lang='lat' dir='ltr'>exauditae</span> <span class='ocrx_word' id='word_1_283' title='bbox 1533 3995 1567 4031; x_wconf 82' lang='lat' dir='ltr'>a</span> <span class='ocrx_word' id='word_1_284' title='bbox 1580 3974 1834 4049; x_wconf 78' lang='lat' dir='ltr'>‘Superis</span> <span class='ocrx_word' id='word_1_285' title='bbox 1867 3974 2221 4045; x_wconf 79' lang='lat' dir='ltr'>faventibus,</span> <span class='ocrx_word' id='word_1_286' title='bbox 2250 3974 2343 4029; x_wconf 82' lang='lat' dir='ltr'>vel</span> <span class='ocrx_word' id='word_1_287' title='bbox 2371 3973 2533 4029; x_wconf 77' lang='lat' dir='ltr'>iratis</span> 
     </span>
     <span class='ocr_line' id='line_1_36' title="bbox 385 4065 2530 4143; baseline -0.001 -20"><span class='ocrx_word' id='word_1_288' title='bbox 385 4065 600 4142; x_wconf 86' lang='lat' dir='ltr'>potius,</span> <span class='ocrx_word' id='word_1_289' title='bbox 618 4078 792 4142; x_wconf 86' lang='lat' dir='ltr'>atquc</span> <span class='ocrx_word' id='word_1_290' title='bbox 811 4068 1185 4143; x_wconf 82' lang='lat' dir='ltr'>cupiditatem</span> <span class='ocrx_word' id='word_1_291' title='bbox 1202 4068 1502 4125; x_wconf 85' lang='lat' dir='ltr'>hominum</span> <span class='ocrx_word' id='word_1_292' title='bbox 1527 4067 1954 4139; x_wconf 84' lang='lat' dir='ltr'>ulciscentibus,</span> <span class='ocrx_word' id='word_1_293' title='bbox 1976 4066 2292 4123; x_wconf 78' lang='lat' dir='ltr'>ambitiosae</span> <span class='ocrx_word' id='word_1_294' title='bbox 2314 4082 2530 4139; x_wconf 84' lang='lat' dir='ltr'>preces.</span> 
     </span>
     <span class='ocr_line' id='line_1_37' title="bbox 385 4154 2531 4236; baseline -0.002 -21"><span class='ocrx_word' id='word_1_295' title='bbox 385 4158 867 4235; x_wconf 86' lang='lat' dir='ltr'>Quotusquisque</span> <span class='ocrx_word' id='word_1_296' title='bbox 893 4178 1098 4236; x_wconf 80' lang='lat' dir='ltr'>regum</span> <span class='ocrx_word' id='word_1_297' title='bbox 1126 4180 1191 4217; x_wconf 84' lang='lat' dir='ltr'>ac</span> <span class='ocrx_word' id='word_1_298' title='bbox 1226 4171 1607 4235; x_wconf 79' lang='lat' dir='ltr'>tyrannorum</span> <span class='ocrx_word' id='word_1_299' title='bbox 1630 4170 1745 4229; x_wconf 82' lang='lat' dir='ltr'>est,</span> <span class='ocrx_word' id='word_1_300' title='bbox 1772 4158 1872 4234; x_wconf 86' lang='lat' dir='ltr'>qui</span> <span class='ocrx_word' id='word_1_301' title='bbox 1894 4170 2085 4215; x_wconf 86' lang='lat' dir='ltr'>morte</span> <span class='ocrx_word' id='word_1_302' title='bbox 2103 4158 2405 4214; x_wconf 85' lang='lat' dir='ltr'>incruenta</span> <span class='ocrx_word' id='word_1_303' title='bbox 2428 4154 2531 4211; x_wconf 87' lang='lat' dir='ltr'>dc-</span> 
     </span>
    </p>
   </div>
  </div>
 </body>
</html>
