3050 4884
891 394 1250 461 SATIRA
1295 394 1841 464 UNDECIMA.
2346 396 2469 465 153

317 502 451 572 Hic
476 504 600 573 tihi
627 504 786 573 vina
812 506 1028 593 dabit,
1064 507 1318 579 diffusa
1348 511 1421 577 in
1450 513 1794 581 montibus
1822 512 1985 598 illis,

313 614 376 681 A
403 614 650 707 quibus
679 615 818 709 ipse
849 618 1070 706 venit,
1107 644 1402 713 quorum
1429 622 1557 690 sub
1586 624 1843 693 vertice
1875 622 2063 711 lusit;
2370 640 2471 691 160

313 724 629 819 Namque
667 750 802 793 una
835 742 1036 821 atque
1065 728 1298 799 eadem
1334 746 1436 799 est
1467 732 1611 801 vini
1653 734 1869 827 patria
1907 749 2111 828 atque
2150 733 2467 803 ministri.

409 835 724 904 Forsitan
753 852 1130 932 exspecteS,
1165 855 1242 909 ut
1272 840 1611 910 Gaditana
1644 866 1897 912 canoro

314 943 606 1035 Incipiat
632 946 900 1038 prurire
930 947 1176 1036 choro,
1209 948 1584 1046 plausuque
1612 954 1915 1046 prohatae

313 1051 421 1121 Ad
451 1068 697 1123 terram
733 1054 1022 1125 tremulo
1049 1057 1465 1129 descendant
1492 1062 1697 1131 clune
1731 1061 2013 1158 puellae,

315 1164 824 1234 Irritamentum
856 1169 1148 1239 Veneris
1181 1169 1595 1265 languentES,
1630 1188 1699 1241 et
1726 1198 1911 1243 acres
2377 1185 2473 1236 165

315 1276 564 1346 Divitis
599 1279 877 1349 urticae:
911 1280 1129 1373 major
1152 1295 1384 1351 tamen
1413 1284 1539 1351 ista
1568 1283 1877 1376 voluptas

313 1383 610 1457 Alterius
637 1414 864 1477 sexus3
894 1392 1106 1484 magis
1137 1388 1247 1459 ille
1275 1392 1687 1479 extenditur,
1718 1408 1789 1461 et
1817 1418 1977 1463 mox

313 1498 608 1567 Auribus
635 1514 840 1593 atque
868 1499 1082 1569 oculis
1112 1515 1438 1595 concepta
1469 1503 1671 1571 urina
1700 1519 2033 1572 movetur.

313 1608 476 1677 Non
509 1608 690 1702 capit
721 1608 842 1678 has
871 1634 1082 1703 nugas
1119 1610 1396 1679 humilis
1425 1610 1691 1682 domus,
1721 1611 1974 1681 Audiat
2000 1610 2111 1682 ille

314 1718 662 1787 Testarum
694 1719 988 1812 crepitus
1017 1742 1174 1787 cum
1201 1719 1464 1806 verbis,
1497 1720 1761 1789 nudum
1790 1721 1973 1790 olido
2004 1738 2187 1791 stans
2377 1754 2479 1805 170

313 1829 602 1897 Fornice
629 1828 1041 1923 mancipium
1081 1828 1324 1923 quibus
1357 1830 1684 1918 abstinet;
1721 1830 1830 1901 ille
1858 1830 2129 1902 fruatur

315 1938 618 2007 Vocibus
649 1938 984 2009 obscoenis
1020 1939 1346 2033 omnique
1383 1937 1687 2010 libidinis
1724 1955 1901 2025 arte,

317 2047 455 2134 Qui
485 2048 1078 2118 Lacedaemonium
1111 2050 1470 2142 pytismate
1503 2051 1795 2120 lubricat
1824 2050 2063 2120 orbem
2090 2076 2107 2119 ε

319 2158 634 2252 Namque
664 2159 758 2231 ibi
788 2162 1104 2229 Fortunae
1137 2159 1401 2229 veniam
1437 2160 1695 2233 damus,
1729 2159 1897 2231 Alea
1928 2163 2175 2256 turpis,

317 2370 434 2426 olei
465 2373 698 2429 vasculo
729 2371 1004 2449 contegit.
1037 2373 1148 2430 Hic
1179 2374 1380 2432 vinum
1413 2374 1521 2433 tibi
1556 2376 1853 2449 miscebit,
1892 2378 2109 2437 lectum
2140 2377 2201 2433 in
2234 2375 2304 2434 iis
2324 2417 2342 2447 ,
2378 2376 2486 2433 ubi

319 2473 408 2519 est
425 2464 700 2522 educatus
728 2464 881 2539 ipse,
911 2467 1158 2523 collibus
1178 2508 1194 2535 ‚
1228 2468 1290 2523 in
1322 2467 1537 2541 quibus
1560 2482 1731 2527 antea
1756 2468 1879 2545 ipse
1903 2472 2183 2546 puerulus
2210 2454 2479 2541 ludebat3

319 2574 510 2631 neque
536 2558 644 2614 alia
671 2558 796 2613 vini
825 2578 890 2614 ac
914 2559 1292 2617 ministrantis
1321 2561 1468 2618 inud
1486 2603 1504 2631 ,
1525 2562 1715 2637 patria
1742 2573 1845 2619 est.

406 2649 536 2706 162.
579 2650 718 2707 Noli
746 2670 927 2725 porro
947 2664 1280 2726 exspectare
1301 2653 1443 2710 dum
1471 2654 1665 2729 aliqua
1686 2654 1879 2729 puella
1902 2655 2173 2729 petulans
2188 2695 2209 2723 ,
2244 2672 2277 2711 e
2305 2654 2490 2709 Gadi-

317 2742 432 2799 bus
455 2742 692 2799 advecta
709 2782 728 2811 ‚
755 2742 816 2798 in
835 2743 1034 2801 medio
1057 2746 1386 2801 saltantium
1415 2745 1867 2819 ementiumque
1894 2756 2047 2802 coetu
2077 2744 2317 2818 incipiat
2340 2762 2487 2817 pru-

319 2834 502 2891 ritum
549 2831 812 2889 libidinis
858 2833 1074 2891 imitari
1099 2876 1117 2904 ‚
1167 2846 1226 2891 et
1271 2837 1567 2909 plausibus
1612 2836 1947 2911 approbatae
1996 2835 2215 2893 crebris
2268 2846 2487 2891 caeterae

319 2925 529 3000 puellae
563 2924 798 2981 lumbos
837 2936 1115 2999 uatesque
1145 2927 1354 2983 lascive
1399 2940 1588 2985 motas
1617 2928 1691 2984 ad
1731 2938 1945 2985 terram
1979 2927 2323 2987 demittant:
2366 2928 2489 2983 haec

323 3019 520 3074 omnia
551 3015 862 3092 languidos
889 3016 1138 3074 divitum
1180 3018 1404 3075 animos
1439 3020 1517 3075 ad
1550 3038 1823 3077 venerem
1852 3020 2089 3079 irritant
2109 3062 2127 3092 ,
2172 3030 2231 3078 et
2259 3020 2489 3077 acribus

322 3110 600 3181 stimulis,
639 3122 914 3183 tanquam
946 3111 1152 3168 urticis
1187 3111 1597 3183 interioribus,
1642 3125 1912 3189 pungunt
1944 3125 2121 3189 atque
2146 3112 2487 3171 incendunt.

321 3205 540 3261 Tamen
561 3206 828 3279 voluptas
855 3222 926 3259 ex
958 3204 1072 3261 isto
1099 3206 1429 3280 spectaculo
1457 3218 1739 3282 concepta
1772 3208 1949 3283 longe
1979 3207 2169 3281 major
2198 3216 2285 3263 est
2310 3207 2371 3262 in
2404 3208 2490 3261 al-

321 3308 451 3353 tero
479 3315 654 3367 sexu,
677 3298 781 3371 qui
801 3297 982 3369 magis
1006 3298 1272 3374 erigitur,
1303 3296 1714 3370 inflammatur,
1744 3312 1803 3357 et
1832 3301 2029 3357 statim
2050 3319 2117 3355 ac
2146 3317 2314 3355 aures
2342 3317 2485 3353 can-

321 3390 548 3461 tilenis,
593 3392 794 3447 oculos
832 3392 1234 3449 saltationibus
1277 3392 1533 3449 intentos
1576 3392 1809 3450 dederit
1837 3434 1855 3464 ,
1909 3392 2215 3449 ardentem
2253 3390 2483 3447 urinam

321 3494 834 3559 erumpentemque
865 3504 988 3541 non
1021 3486 1250 3543 retinet.
1295 3488 1399 3544 Ha·
1435 3486 1773 3544 deliciarum
1815 3487 2013 3543 inanes
2052 3485 2341 3541 illecebrae
2374 3486 2489 3541 hu·-

321 3578 480 3645 mili,
502 3577 688 3651 qualis
707 3590 904 3635 nostra
928 3589 1042 3647 est,
1067 3579 1270 3635 domui
1291 3598 1413 3635 non
1441 3579 1801 3636 conveniunt
1824 3600 1839 3635 z
1864 3578 1965 3633 ille
1990 3576 2187 3635 audiat
2212 3587 2487 3635 testarum

321 3669 478 3727 inter
507 3688 568 3725 se
589 3670 916 3727 collisarum
953 3672 1205 3745 crepitus
1229 3668 1336 3747 (les
1363 3670 1810 3746 castagnettes);
1839 3669 2034 3726 audiat
2062 3688 2297 3743 spurcas
2319 3688 2490 3727 voces

326 3762 542 3837 quibus
559 3763 648 3817 uti
665 3781 788 3818 non
816 3782 950 3820 ausa
975 3763 1150 3821 fuerit
1173 3782 1338 3820 serva
1367 3774 1697 3820 scortorum
1723 3763 1786 3818 in
1813 3761 2017 3819 foetido
2040 3761 2333 3835 lupanaris
2359 3763 2490 3819 sor·-

323 3859 454 3913 nice
477 3856 635 3913 nuda
661 3868 957 3930 prostans3
986 3858 1088 3915 ille
1109 3857 1336 3914 fruatur
1365 3857 1652 3915 obscoenis
1674 3854 2042 3912 sermonibus
2058 3896 2075 3925 ‚
2094 3864 2153 3911 et
2170 3874 2329 3911 suam
2351 3855 2489 3911 libi-

323 3950 520 4007 dinem
551 3948 742 4005 modis
771 3950 1111 4025 artibusque
1139 3949 1412 4007 omnibus
1439 3948 1633 4005 irritet
1650 3990 1667 4019 ,
1712 3945 1817 4022 qui
1846 3947 2163 4022 superbum
2192 3946 2488 4021 pavimen-

321 4054 450 4099 tum
495 4041 916 4098 Lacedaemonii
953 4043 1263 4101 marmoris
1305 4040 1551 4099 orbibus
1600 4051 1844 4097 stratum
1883 4040 2191 4116 pytismate
2236 4039 2487 4111 repetito

318 4133 576 4209 aspergit
604 4144 664 4190 et
691 4134 980 4191 lubricat:
1009 4154 1142 4191 nam
1170 4134 1258 4190 illi
1285 4133 1670 4214 ignoscimus,
1700 4134 1865 4209 quasi
1892 4144 2099 4191 cuneta
2128 4149 2236 4207 per
2259 4128 2489 4187 divitias
