3050 4884
536 390 665 437 202
1122 376 1204 443 n.
1246 360 1508 443 sulm
1552 380 2078 450 JUVENALIS

534 488 705 572 Iret,
743 501 813 557 et
841 512 881 556 a
912 490 1152 584 grandi
1188 494 1410 562 cervix
1440 494 1751 565 ferienda
1784 499 2129 587 ministre,

534 597 644 665 Ob
677 596 971 669 reditum
1001 601 1394 695 trepidantis
1420 603 1643 674 adhuc
1673 603 2144 704 horrendaque
2174 612 2344 706 passi
2621 624 2686 677 15

533 711 804 804 Nuper,
836 726 903 781 et
938 711 1345 784 incolumem
1378 740 1518 785 sese
1549 716 1852 788 mirantis
1881 720 2101 790 amici.

629 822 808 891 Nam
852 838 1096 917 praeter
1126 824 1341 921 pelagi
1370 848 1561 897 casus
1591 842 1658 896 et
1687 826 1974 925 fulguris
2003 832 2214 901 ictum

532 930 765 1015 Evasi,
796 933 1015 1004 densae
1046 935 1283 1005 caelum
1320 936 1739 1009 abscondere
1776 942 2070 1013 tenebrae

534 1042 735 1111 Nube
765 1068 935 1131 una,
974 1045 1365 1141 subitusque
1394 1066 1720 1122 antennas
1759 1052 2028 1148 impulit
2059 1053 2270 1149 ignis,

536 1151 768 1239 Quum
802 1181 871 1225 se
907 1158 1189 1253 quisque
1226 1158 1341 1231 illo
1378 1186 1769 1255 percussum
1802 1164 2136 1252 crederet,
2171 1181 2238 1235 et
2271 1190 2432 1233 mox
2621 1198 2691 1233 ιο

534 1264 886 1335 Attonitus
920 1266 1181 1337 nullum
1220 1270 1520 1343 conferri
1557 1300 1754 1369 posse
1790 1288 2060 1373 putaret

468 1444 477 1455 ,
538 1375 989 1473 Naufragium
1022 1378 1188 1448 velis
1222 1381 1638 1455 ardentibus.
1679 1385 1928 1456 Omnia
1963 1384 2141 1455 fiunt

537 1485 756 1575 Talia,
796 1504 933 1559 tam
964 1491 1295 1584 graviter,
1324 1494 1380 1563 si
1408 1496 1683 1589 quando
1710 1482 1973 1591 poetica
2003 1496 2225 1592 surgit

538 1598 925 1692 Tempestas
952 1626 969 1671 ε
998 1594 1210 1697 genus
1236 1627 1389 1675 ecce
1414 1606 1596 1675 aliud
1623 1607 2071 1677 discriminis:
2097 1606 2256 1677 audi

538 1712 631 1778 Et
656 1710 971 1782 miserere
997 1714 1273 1801 iterum,
1306 1742 1714 1813 quamquam
1739 1719 1874 1788 sint
1901 1733 2124 1789 cetera
2148 1718 2346 1789 sortis
2626 1728 2696 1784 25

408 1840 415 1849 ·
537 1819 891 1911 Ejusdem,
930 1848 1087 1917 pars
1111 1824 1261 1893 dira
1284 1826 1560 1921 quidem
1579 1882 1600 1915 ,
1633 1829 1746 1899 sed
1786 1830 2058 1927 cognita
2085 1828 2353 1917 multiS‚

538 1933 629 2000 Et
665 1955 865 2023 quam
901 1935 1130 2004 votiva
1167 1950 1495 2007 testantur
1532 1938 1690 2009 fana
1727 1938 1966 2011 tabella
1993 1972 1998 1977 ·

542 2038 863 2113 Plurima.
896 2044 1197 2117 Pictores
1222 2048 1373 2141 quis
1406 2051 1622 2121 nescit
1656 2051 1739 2121 ab
1770 2051 1947 2121 Iside
1983 2049 2226 2155 pasci?

542 2154 811 2223 Accidit
835 2169 903 2224 et
925 2170 1159 2226 nostro
1189 2158 2037 2235 similisfortuna-Catullo.
2127 2263 2134 2271 ἱ

546 2366 816 2442 generosi
862 2366 1157 2443 sanguinis
1197 2388 1465 2447 magnam
1510 2371 1840 2429 effunderet
1887 2370 2113 2449 copiam
2135 2413 2152 2441 ,
2200 2380 2260 2427 et
2306 2366 2702 2425 robustiorem

546 2458 932 2517 sacrificulum
954 2504 979 2535 ,‚
1031 2479 1064 2518 a
1113 2480 1233 2537 quo
1280 2464 1601 2521 caederetur
1627 2505 1644 2535 ,
1701 2466 2038 2540 postularet.
2090 2461 2244 2519 Talis
2272 2503 2291 2534 ,
2335 2462 2574 2537 inquam
2594 2499 2613 2529 ,
2666 2478 2703 2515 a

546 2572 639 2611 me
682 2553 915 2611 victima
959 2555 1360 2613 immolaretur
1399 2556 1475 2614 ad
1518 2556 1730 2633 gratias
1769 2554 2007 2633 Superis
2050 2553 2300 2631 agendas
2347 2552 2420 2610 de
2462 2568 2701 2610 reverso

545 2643 793 2703 feliciter
830 2648 1049 2719 amico,
1088 2648 1194 2722 qui
1224 2648 1565 2721 gravissimo
1594 2648 1861 2724 periculo
1899 2648 2235 2714 defunctus,
2270 2646 2392 2720 ipsa
2434 2645 2555 2719 ejus
2597 2662 2703 2700 re·-

548 2740 887 2798 cordatione
922 2740 1113 2797 adhuc
1147 2739 1574 2816 perhorrescit,
1607 2760 1784 2817 seque
1816 2739 2126 2798 liberatum
2159 2739 2265 2795 illo
2287 2780 2306 2809 ‚
2343 2746 2402 2795 et
2425 2735 2702 2812 sospitem

550 2853 672 2894 esse
700 2834 1071 2910 obstupescit.
2575 2900 2590 2915 Ο

637 2947 725 3001 17.
768 2930 915 2984 Nam
943 2936 1156 3003 praeter
1189 2926 1382 2985 varios
1416 2926 1594 2983 maris
1625 2944 1821 2997 casus,
1854 2923 2068 3001 quibus
2096 2923 2160 2981 in
2180 2922 2302 3001 ipsa
2331 2921 2700 3001 navigatione

550 3020 911 3081 conflictatus
935 3032 1049 3092 est,
1080 3032 1139 3078 et
1159 3020 1441 3079 evitatum
1454 3020 1678 3077 fulmen
1693 3062 1710 3091 ‚
1749 3038 1850 3075 aer
1870 3029 2028 3076 totus
2051 3028 2200 3075 tetra
2227 3016 2498 3093 caligine,
2539 3014 2706 3091 quasi

548 3128 825 3195 perpetua
852 3117 1034 3187 nube,
1058 3126 1242 3175 tectus
1268 3116 1417 3187 fuit3
1440 3136 1580 3175 mox
1603 3112 1904 3191 repentina
1927 3110 2157 3169 flamma
2181 3110 2468 3188 corripuit
2489 3120 2700 3167 anten-

552 3230 681 3281 nas;
730 3208 880 3268 adeo
926 3219 994 3269 ut
1036 3208 1159 3283 jam
1195 3204 1468 3283 putaren't
1509 3227 1710 3266 omnes
1755 3206 2002 3284 perculsi
2047 3216 2207 3263 metu
2253 3224 2313 3264 se
2347 3202 2670 3282 deflagrare
2684 3244 2704 3275 ,

550 3321 741 3379 neque
776 3304 959 3359 ullum
991 3300 1277 3378 naufragii
1306 3302 1634 3377 periculum
1662 3320 1796 3359 cum
1823 3300 2052 3357 incensa
2083 3297 2220 3355 navi
2249 3296 2706 3374 comparandum

550 3395 963 3455 existimarent.
1006 3397 1079 3451 In
1115 3395 1227 3451 hac
1258 3413 1397 3451 vera
1432 3406 1768 3471 tempestate
1798 3394 1996 3452 omnia
2029 3406 2152 3451 tam
2191 3393 2446 3472 graviter
2475 3391 2706 3450 accide-

550 3499 720 3559 runt,
754 3506 927 3563 quam
950 3505 1078 3562 quae
1095 3484 1161 3541 in
1192 3483 1341 3543 fictis
1367 3498 1670 3562 poetarum
1697 3484 2130 3562 tempestatibus
2158 3484 2590 3543 describuntur.
2611 3486 2708 3541 En

554 3579 715 3636 aliud
753 3579 999 3654 periculi
1042 3596 1222 3655 genus
1238 3619 1255 3649 ,
1298 3597 1407 3637 nec
1452 3579 1670 3636 minori
1709 3578 1951 3654 dignum
1989 3577 2489 3637 commiseratione
2505 3618 2524 3649 ,
2565 3576 2706 3635 licet

557 3671 751 3728 omnia
776 3670 897 3728 fere
928 3670 1042 3729 sint
1070 3670 1326 3745 ejusdem
1352 3670 1578 3748 generis
1605 3682 1664 3729 et
1689 3670 2012 3749 gravintis3
2047 3671 2152 3729 sed
2175 3689 2482 3729 commune
2511 3680 2708 3729 tamen

554 3760 874 3839 plerisque,
916 3774 975 3821 et
1011 3762 1179 3839 pingi
1212 3763 1445 3821 solitum
1473 3763 1539 3821 in
1568 3764 1782 3822 votivis
1817 3763 2068 3829 tabellis..
2103 3780 2230 3839 quae
2259 3764 2324 3823 in
2347 3763 2522 3823 sacris
2559 3762 2706 3819 aedi-

556 3855 665 3912 bus
709 3864 991 3928 prostant.
1035 3854 1180 3925 Quis
1224 3856 1380 3913 enim
1418 3856 1652 3934 ignorat
1691 3868 1970 3933 quantum
2009 3856 2262 3932 pictores
2307 3857 2455 3915 lucri
2493 3856 2710 3928 faciant

557 3947 865 4025 pingendis
914 3947 1126 4005 tabulis
1144 3990 1166 4020 ‚
1216 3968 1356 4026 quas
1410 3948 1676 4028 naufragi
1725 3950 2083 4027 suspendunt
2118 3950 2182 4006 in
2227 3949 2394 4007 Isidis
2431 3949 2652 4025 templo
2683 3949 2710 4003 ἒ

557 4040 777 4098 Eadem
818 4041 999 4117 igitur
1030 4039 1241 4101 Catulli
1268 4044 1457 4103 nostri
1490 4062 1556 4102 ac
1594 4054 1926 4105 ceterorum
1955 4043 2368 4122 naufragorum
2393 4060 2520 4103 sors
2551 4042 2710 4101 cala-

560 4132 841 4213 mitasque
863 4134 993 4193 fuit.
