3050 4884
551 389 636 470 76
869 389 1204 455 VARIAE
1249 388 1845 455 LECTIONES
1888 388 2019 453 ΕΤ
2064 388 2371 453 NOTAE

545 498 624 549 vit
655 500 834 553 Burm.
865 498 938 553 ad
959 502 1121 573 Prop.
1147 503 1206 563 1,
1241 521 1285 566 r,
1310 509 1408 567 24,
1443 501 1526 553 his
1559 500 1770 553 verbis:
1798 504 2031 554 «Amant
2055 514 2259 555 veteres
2284 518 2450 554 unum
2477 510 2689 553 tantum

546 582 770 636 verbum
803 602 1002 653 ponere
1019 624 1033 648 ,
1055 585 1182 639 lieet
1211 585 1346 639 duas
1369 605 1454 639 res
1479 584 1717 637 diversas
1742 596 2065 648 memorent,
2095 585 2426 655 alterumque
2442 600 2507 634 ex
2530 598 2688 634 sensu

549 665 910 735 supplendum
931 668 1201 731 omittere3
1224 686 1384 739 quem
1409 664 1667 738 loquendi
1698 665 1919 719 modum
1940 666 2124 719 multis
2142 667 2457 719 Graecorum
2473 676 2526 716 et
2542 663 2689 716 Lati·

548 765 742 800 norum
755 750 1012 821 exemplis
1034 750 1320 803 illustravit
1339 752 1583 804 d'orville
1601 748 1671 803 ad
1691 750 1853 803 Char.
1878 770 1931 822 p.
1962 750 2065 820 395
2090 769 2197 822 seq.
2218 764 2271 803 et
2288 764 2511 822 patruus
2530 764 2683 799 meus

551 827 624 879 ad
649 829 840 883 Claud.
867 830 934 885 de
956 833 1115 887 Cons.
1140 834 1260 887 Stil.
1284 836 1364 894 11.
1389 836 1469 887 16.
1493 832 1665 896 Vide,
1692 850 1812 904 que
1833 834 2017 887 notavi
2044 832 2117 887 ad
2140 833 2351 885 Lotich.
2376 834 2404 885 1
2424 872 2440 896 ‚
2466 852 2493 885 2
2510 870 2527 895 ‚
2552 848 2613 897 9,
2637 838 2692 881 et

551 909 695 966 adde
721 915 926 987 insigne
952 915 1220 989 ejusmodi
1245 916 1574 989 βραχυλογίας
1599 916 1901 987 exemplum
1930 916 1983 969 in
2010 917 2112 971 loc.
2136 918 2171 969 J
2176 935 2330 969 uven.
2358 916 2437 977 X,
2472 916 2534 965 16
2550 952 2565 977 ,
2592 910 2691 963 ubi

549 995 910 1067 supplendum
933 1011 1012 1052 est
1036 1018 1049 1051 :
1073 1026 1096 1046 ιι
1113 1003 1384 1069 Longinum
1406 997 1547 1051 mori
1572 996 1747 1068 coegit
1769 1012 1817 1049 et
1838 1004 2035 1049 Senecae
2056 1001 2221 1051 hortos
2246 1000 2439 1049 clausit.
2456 1022 2477 1041 ι
2502 994 2690 1047 Enim·

551 1100 681 1133 vero
697 1101 810 1135 non
828 1083 1017 1153 ignoro
1036 1084 1208 1155 (qnod
1229 1096 1282 1138 et
1305 1103 1336 1137 a
1357 1102 1444 1137 me
1467 1084 1585 1154 ipso
1604 1083 1803 1152 passim
1822 1080 1894 1133 ad
1913 1082 2006 1135 Sil.
2028 1082 2135 1143 VI,
2162 1098 2284 1150 179;
2306 1080 2384 1131 XI
2401 1116 2418 1140 ,
2440 1079 2535 1141 653
2558 1077 2689 1129 Tac.

553 1166 750 1219 Annal.
779 1167 870 1232 ΙΙ,
903 1184 996 1231 20,
1034 1186 1094 1231 ²3
1123 1168 1244 1219 Liv.
1271 1170 1330 1231 1,
1367 1168 1462 1231 33,
1496 1184 1557 1237 7;
1586 1164 1727 1227 ΧΠ,
1764 1182 1853 1229 12,
1879 1165 1943 1228 8;
1984 1165 2203 1227 XXIV,
2240 1164 2300 1225 5,
2330 1180 2395 1231 7,
2430 1172 2483 1213 et
2516 1156 2695 1212 avitis

549 1246 748 1309 doctis.
776 1267 912 1320 quos
929 1248 1001 1303 ad
1015 1248 1132 1303 hec
1152 1252 1272 1303 loca
1291 1249 1543 1313 laudavi,
1564 1261 1809 1301 notatum
1828 1250 1927 1315 est)
1942 1287 1958 1312 ,
1982 1266 2014 1301 a
2033 1248 2386 1318 scriptoribus
2412 1258 2522 1297 tam
2542 1242 2692 1295 Grn-

549 1332 627 1383 cis
646 1350 808 1403 quam
830 1333 1034 1386 Latinis
1061 1352 1196 1405 sape
1219 1332 1434 1387 duobus
1455 1333 1770 1405 pluribusve
1792 1332 2045 1385 membris
2063 1350 2233 1384 unum
2253 1330 2411 1401 jungi
2434 1328 2661 1381 verbum
2674 1361 2693 1387 ‚

549 1417 705 1486 cujus
723 1414 882 1485 plena
898 1414 1222 1486 significatio
1242 1414 1314 1469 ad
1333 1434 1498 1469 unum
1523 1414 1690 1468 modo
1706 1416 2011 1467 membrum
2030 1414 2221 1467 referri
2240 1412 2437 1483 possit:
2462 1408 2557 1463 sed
2578 1422 2693 1461 tum

547 1516 613 1550 ex
639 1498 748 1551 boo
763 1500 930 1551 verbo
947 1499 1208 1571 generalis
1233 1500 1320 1552 vel
1343 1510 1571 1570 cognata
1586 1540 1600 1563 ‚
1622 1518 1730 1552 non
1750 1500 1911 1570 plane
1934 1498 2145 1552 diversa
2166 1510 2219 1551 et
2244 1496 2519 1551 dissimilis
2541 1492 2694 1546 notio

547 1578 785 1649 petenda
798 1594 876 1633 eat
895 1594 948 1634 et
969 1581 1328 1635 tranferenda.
1345 1582 1427 1635 Cf.
1456 1582 1589 1633 Var.
1612 1584 1755 1634 Lect.
1768 1612 1837 1623 ——·
1854 1582 1915 1635 C.
1935 1582 2151 1635 Cassius
2171 1582 2436 1649 Longinus,
2460 1578 2694 1631 celeber·

551 1664 722 1716 ri'mus
748 1666 783 1717 J
785 1664 916 1717 ctus
941 1677 995 1717 et
1013 1678 1191 1717 rector
1209 1664 1403 1737 Syria,
1426 1664 1613 1736 pulsus
1635 1677 1715 1717 est
1736 1684 1767 1717 a
1793 1665 2030 1727 Nerone,
2050 1678 2104 1718 et
2126 1684 2159 1717 a
2178 1664 2513 1735 Vespasiano
2537 1678 2697 1713 revo-

556 1758 727 1799 catus.
754 1744 884 1799 vid.
907 1746 978 1801 ad
997 1750 1128 1802 Tac.
1153 1750 1266 1812 vl,
1297 1747 1376 1802 15.
1407 1748 1591 1801 Alium
1620 1748 1861 1802 Cassium
1879 1753 2147 1817 Longinum
2174 1748 2313 1801 mori
2335 1747 2493 1820 jussit
2512 1748 2663 1799 Nero
2681 1784 2697 1809 ,

555 1841 687 1883 teste
709 1829 928 1882 Sueton.
949 1849 996 1883 c.
1018 1832 1102 1903 37.
1125 1862 1194 1873 —
1215 1835 1424 1899 Magnos
1449 1836 1641 1881 Seneca
1654 1834 1924 1898 pra-divitis
1946 1834 2136 1892 hortm,-
2161 1827 2273 1883 vid.
2300 1830 2475 1883 Tacit.
2499 1828 2693 1883 Annal-
2734 1821 2750 1833 ’

553 1912 728 1975 xm,
763 1918 861 1975 ⁴²3
895 1914 1063 1975 xlv,
1093 1913 1329 1979 52-56‚
1365 1912 1461 1977 65;
1499 1914 1629 1977 XV,
1659 1916 1757 1977 56,
1784 1915 1992 1967 60-—65
2012 1954 2029 1980 ,
2064 1926 2117 1967 et
2142 1912 2353 1985 Xiphil.
2376 1914 2434 1965 in
2459 1914 2695 1965 Nerone.

557 1999 752 2045 Senecae
778 1996 939 2045 hortos
961 1998 1142 2047 clausit
1161 2008 1262 2047 tota
1287 1996 1482 2058 colion,
1507 2007 1570 2048 ut
1590 1994 1737 2067 apud
1758 1995 1936 2050 Tacit.
1954 1997 2143 2049 Annal.
2170 1996 2324 2059 XIV,
2344 1997 2413 2047 60
2428 2033 2445 2058 ‚
2476 2018 2499 2039 ι
2513 1996 2699 2047 Villam

559 2076 772 2129 Senecae
791 2080 962 2144 globus
977 2079 1184 2129 mHae‘tum
1204 2079 1378 2145 sepsit,
1399 2090 1501 2131 etc.
1525 2088 1544 2113 ¹
1566 2104 1589 2125 ι

630 2170 769 2221 Nor·
813 2186 894 2238 ¹7.
930 2173 1170 2239 Egregius
1203 2175 1553 2221 latomorum
1580 2174 1711 2223 cedes
1726 2192 1748 2233 ‚·
1768 2171 1896 2227 vide
1917 2172 1987 2225 ad
2010 2176 2366 2224 commentar.
2386 2170 2469 2222 VI
2478 2170 2559 2234 11,
2584 2175 2697 2239 ¹47·

633 2262 771 2315 No‘r.
818 2268 896 2316 18.
936 2268 1094 2315 Rarus
1107 2302 1125 2326 ,
1167 2283 1323 2329 raro,
1344 2267 1498 2336 jussu
1525 2265 1773 2337 tyranni,
1797 2268 1935 2317 miles
1965 2267 2106 2316 venie
2126 2267 2201 2315 ad
2224 2267 2475 2315 ‹ea-nacula
2500 2280 2701 2333 paupe-

559 2364 680 2398 rum
696 2384 709 2409 ,
724 2346 818 2417 qui
841 2366 870 2398 a
893 2359 1245 2419 tyrannorum
1264 2346 1472 2401 insidiis
1491 2349 1592 2400 tuti
1615 2362 1754 2403 sunt.
1778 2350 1857 2401 De
1877 2350 2138 2399 coenaculis
2148 2366 2173 2407 ‚·
2196 2344 2305 2400 vid.
2329 2344 2399 2397 ad
2423 2345 2539 2409 111,
2569 2360 2697 2412 199,

562 2441 615 2482 et
631 2430 743 2481 vn
756 2468 772 2495 ,
805 2446 826 2481 ι
841 2430 924 2485 18.

637 2576 770 2623 Vsa.
815 2592 892 2639 19.
931 2574 1050 2623 Perti
1069 2578 1201 2638 conj.
1220 2580 1364 2625 Voss.

632 2668 770 2721 Nor.
815 2686 878 2737 ¹9
898 2688 1005 2741 seq.
1046 2668 1279 2722 Pulchra
1309 2670 1570 2725 sententia
1602 2682 1655 2722 et
1687 2668 1895 2741 egregie
1920 2686 2203 2739 expressa:
2228 2668 2272 2721 si
2306 2668 2364 2720 in
2395 2668 2582 2720 itinere
2610 2665 2701 2720 vel

560 2770 730 2821 pauca
757 2752 1056 2825 portaveris
1081 2758 1300 2805 vaseula
1324 2756 1517 2825 argenti
1527 2754 1670 2820 puri,
1696 2754 1881 2803 timebis
1904 2754 2129 2821 gladium
2154 2768 2459 2819 contumque,
2474 2752 2579 2804 boo
2599 2762 2706 2812 est,

563 2833 788 2889 insidias
815 2836 1182 2907 impetumque
1207 2838 1510 2900 latronum3
1539 2839 1712 2886 viator
1740 2848 1917 2888 autem
1945 2853 2163 2897 vacum,
2203 2836 2297 2906 qui
2328 2835 2462 2888 nihil
2497 2832 2706 2905 argenti

564 2930 658 2970 aut
692 2916 910 2989 pretiosi
955 2936 1134 2971 secum
1174 2930 1380 2989 portat,
1418 2921 1645 2969 cantabit
1688 2937 1859 2969 eoram
1889 2922 2101 2980 latrone,
2136 2918 2270 2970 liber
2296 2917 2444 2969 omni
2480 2930 2623 2969 metu
2652 2928 2707 2969 et

565 3018 711 3053 cura.
735 2998 894 3052 conf.
919 3000 1173 3053 Boethius
1189 3038 1204 3063 ,
1232 3001 1449 3053 Consol.
1471 3002 1784 3073 philosoph.
1810 3002 1905 3055 lib.
1932 3002 2020 3066 113
2039 2999 2200 3054 ovid.
2225 3000 2294 3054 de
2311 3002 2490 3063 Nuce,
2512 3019 2588 3054 vs.
2612 2998 2705 3063 43,

569 3088 662 3145 443
684 3082 867 3134 Senec.
889 3082 1060 3152 Epist.
1081 3082 1236 3145 XIV,
1253 3081 1492 3134 Pallada
1515 3083 1788 3154 Epigram.
1816 3084 1942 3148 CX,
1966 3084 2019 3135 in
2044 3084 2272 3137 Brunck.
2296 3086 2445 3137 Anal.
2471 3096 2599 3136 tom„
2619 3083 2706 3147 Π,

565 3184 690 3237 pag.
720 3170 823 3233 ⁴²9
840 3204 856 3227 ‚
891 3164 1072 3235 ibique
1095 3164 1312 3218 Jacobs.
1342 3164 1413 3216 ad
1439 3164 1655 3217 Antbol.
1684 3166 1855 3218 Grec.
1879 3168 1987 3219 vol.
2018 3166 2103 3232 11,
2126 3179 2267 3239 part.
2292 3169 2380 3219 111
2398 3208 2413 3232 ‚
2432 3185 2557 3239 pag.
2583 3165 2702 3219 253.

567 3258 834 3319 Argentum
867 3266 1046 3315 purum
1075 3287 1091 3314 ,
1137 3244 1210 3299 ad
1251 3247 1682 3299 extenuationem
1720 3246 1830 3299 dici
1867 3249 2095 3320 putabat
2137 3250 2373 3303 Lubinus
2400 3288 2416 3315 ,
2453 3248 2709 3321 quoniam

567 3330 705 3383 illud
733 3349 842 3384 non
867 3329 1000 3383 tanti
1028 3329 1122 3393 sit,
1164 3329 1353 3400 quanti
1383 3330 1646 3384 colatum.
1686 3328 1887 3383 Confer
1912 3327 1981 3383 ad
2006 3332 2117 3397 tx,
2158 3338 2273 3395 14'1.
2300 3363 2368 3373 --
2396 3334 2567 3382 coneus
2592 3349 2715 3401 pro-

571 3415 687 3485 prie
704 3413 859 3467 basta
874 3412 1073 3465 dicitur
1088 3415 1357 3483 pralonga
1368 3450 1382 3476 ,
1395 3409 1703 3484 ponderosa
1719 3425 1772 3466 et
1792 3428 2076 3469 amentata.
2092 3413 2223 3468 Vid.
2240 3413 2310 3466 ad
2324 3412 2423 3467 Sil.
2446 3414 2572 3478 XV,
2586 3413 2711 3484 687.

642 3560 775 3605 Vsa.
813 3574 896 3607 αι.
937 3556 1164 3617 Umbras,
1199 3572 1280 3614 ιι,
1323 3572 1402 3618 17,
1434 3558 1512 3603 18.
1549 3573 1639 3617 20,
1685 3574 1779 3619 22,
1819 3562 1901 3617 45.

644 3650 785 3703 Νοτ.
827 3666 913 3700 21.
952 3647 1213 3701 Proclare
1241 3646 1310 3701 de
1343 3666 1551 3701 summa
1588 3648 1904 3715 formidine,
1941 3668 2059 3722 quae
2098 3648 2251 3712 facit,
2284 3661 2346 3702 ut
2380 3647 2469 3703 vel
2497 3650 2713 3697 umbram

1415 3818 1506 3837 m

653 3967 668 3989 ¹
711 3956 993 4005 Henninius
1007 3965 1196 4015 monet,
1213 3954 1454 4003 subtiliter
1467 3955 1603 4021 tangi
1689 3956 1959 4020 Tranquill.
1985 3966 2073 4005 etc.
2096 3956 2311 4005 scribere
2333 3956 2569 4021 potuerit3
2600 3972 2714 4004 eum

587 4038 782 4085 divitias
807 4036 997 4083 Senem!
1027 4034 1348 4094 invidendas,
1367 4050 1488 4098 quas
1517 4036 1603 4082 in·
1692 4046 1854 4084 tamen
1871 4036 2093 4084 excusati
2117 4052 2145 4083 a
2168 4037 2337 4101 Lipaio
2358 4036 2413 4083 in
2436 4036 2625 4101 Proleg.
2652 4034 2715 4083 ad

585 4129 660 4165 ter
683 4116 910 4165 facillime
932 4115 994 4163 de
1017 4115 1132 4163 vita
1163 4112 1328 4174 beata,
1353 4113 1416 4162 de
1452 4114 1605 4162 animi
1692 4118 1862 4166 senec.
1896 4127 1945 4163 et
1972 4132 2000 4163 a
2032 4132 2083 4165 aa
2113 4116 2227 4181 ipso
2258 4118 2362 4165 vit.
2391 4116 2520 4165 beat»
2552 4132 2596 4164 c.
2632 4131 2720 4179 ¹⁷·
