3050 4884
526 368 653 434 368
700 364 1088 433 SATIRAE
1134 365 1552 431 DECIMAE
1597 365 1832 449 QUIN
1848 366 1995 433 TAE
2039 367 2518 436 ANALYSIS.

520 485 659 541 inde
677 482 1003 560 principum
1028 481 1267 539 ambitio
1289 499 1465 557 prava
1482 523 1501 552 ,
1531 481 1853 539 aulicorum
1873 483 2114 541 aviditas
2141 497 2198 541 et
2229 487 2546 557 Δημαγωγῦν
2575 485 2674 541 in-

522 577 706 646 sania,
746 575 881 632 hinc
917 575 1274 651 populorum
1300 573 1570 630 socordia
1599 584 1659 630 ct
1683 571 2044 632 imbecillitas
2069 575 2290 634 miseris
2327 577 2674 634 mortalibus

525 668 736 726 excidii
756 687 963 725 caussae
987 667 1226 724 fuerunt
1246 677 1579 740 terramque
1596 665 1744 722 hanc
1769 667 2038 725 miseram
2060 667 2265 746 stragis
2291 669 2487 726 sedem
2507 668 2680 726 deso-

523 761 871 836 lationisque
892 759 1099 816 fecere.
1122 783 1148 812 n

604 857 693 912 De
727 865 989 930 tempore
1006 894 1023 922 ,
1048 871 1168 927 quo
1187 852 1338 908 banc
1360 851 1610 909 Satiram
1635 851 1929 927 scripserit
1952 851 2250 910 luvenalis
2267 893 2284 922 ,
2305 852 2426 909 vid.
2451 854 2677 911 Comm.

527 945 602 1003 ad
626 966 711 1004 vs.
738 963 832 1018 27·
866 945 1063 1000 Minus
1094 954 1353 1012 constat,
1383 963 1497 1019 qua
1516 943 1820 1002 occasione
1843 953 1903 1000 ct
1927 962 2047 1019 quo
2075 945 2210 1001 loco
2238 945 2558 1019 composita
2583 945 2677 1002 sit.
2719 931 2730 942 ’

527 1041 707 1095 Vetus
733 1023 930 1094 Schol.
960 1035 1096 1092 «Ad
1120 1034 1453 1106 Volusium,
1478 1033 1698 1109 inquit,
1726 1033 1801 1091 de
1818 1035 2232 1111 AEgyptiorum
2254 1035 2430 1092 sacris
2446 1035 2676 1106 scribit,

528 1131 668 1188 odio
703 1128 983 1204 Crispini,
1018 1127 1121 1202 qui
1153 1127 1462 1204 AEgyptius
1496 1136 1651 1197 erat,
1681 1144 1889 1203 egens,
1917 1137 1978 1183 et
2005 1125 2186 1182 modo
2212 1126 2483 1202 magister
2501 1127 2676 1202 pedi-

529 1235 655 1281 tum
692 1233 865 1296 atque
903 1220 1167 1296 equitum
1204 1219 1387 1276 factus
1424 1230 1571 1276 αῖ.»
1613 1219 1748 1276 Vid.
1786 1218 1866 1275 ad
1899 1221 1962 1289 I,
1998 1219 2072 1278 25
2099 1237 2220 1295 seq.
2251 1229 2311 1276 et
2345 1221 2450 1290 IV,
2487 1239 2513 1276 1
2555 1239 2674 1296 seq.

527 1314 866 1373 Calderinus
880 1332 893 1368 :
907 1336 933 1362 α
948 1312 1253 1368 Invehitur
1270 1311 1331 1368 in
1350 1322 1552 1368 mutua
1568 1309 1873 1368 hominum
1896 1312 2034 1368 odia
2051 1323 2112 1369 et
2131 1311 2414 1376 feritatem
2427 1354 2444 1384 ,
2467 1323 2674 1370 notans

528 1404 747 1463 scilicet
775 1403 1043 1462 Paridem
1074 1401 1218 1481 (vid.
1252 1403 1327 1459 ad
1356 1405 1500 1476 VII,
1539 1403 1614 1474 87
1643 1401 1815 1480 seq.),
1849 1402 2009 1476 cujus
2039 1403 2180 1461 odio
2210 1404 2400 1461 fuerat
2429 1403 2674 1478 ejectus,

528 1510 755 1576 sumpta
783 1497 1083 1555 occasione
1120 1515 1191 1553 ex
1229 1515 1293 1554 re
1328 1507 1517 1573 gesta,
1559 1515 1730 1572 quam
1755 1497 1822 1552 in
1849 1499 2108 1574 AEgypto
2137 1498 2422 1556 viderat.»
2449 1498 2674 1574 Lipsius

532 1590 749 1671 (Epist.
774 1591 989 1660 Quaest.
1012 1591 1117 1662 IV,
1142 1587 1285 1665 20):
1317 1612 1343 1638 α
1358 1590 1697 1645 juvenalem
1725 1590 2008 1648 exsulasse
2029 1592 2137 1647 sub
2165 1591 2500 1648 Domitiano
2511 1633 2532 1660 ,
2549 1610 2674 1649 non

529 1681 861 1752 abnuerim,
894 1690 982 1751 et,
1030 1679 1193 1754 quod
1222 1679 1287 1735 in
1317 1679 1503 1736 Divaei
1533 1681 1689 1738 libro
1727 1691 1844 1751 est,
1887 1680 1952 1736 in
1977 1683 2295 1758 AEgyptum
2325 1681 2498 1738 etiam
2529 1681 2674 1739 mis-

526 1793 682 1844 sum,
707 1774 866 1831 ultro
886 1770 1256 1829 crediderim.
1288 1771 1554 1830 Indicare
1575 1775 1688 1831 hoc
1709 1775 1830 1850 ipse
1849 1774 2038 1832 voluit
2055 1775 2227 1833 Satir.
2249 1777 2384 1846 XV,
2406 1775 2502 1846 45.
2534 1776 2636 1832 Ait
2657 1797 2673 1832 ε

536 1878 851 1942 «quantum
869 1865 992 1941 ipse
1008 1865 1227 1921 notavi.
1240 1889 1265 1916 n
1283 1863 1449 1921 Vidit
1465 1865 1647 1942 igitur
1661 1868 1981 1944 AEgyptum
1993 1909 2010 1938 ,
2029 1870 2124 1924 vel
2145 1886 2324 1943 quum
2342 1867 2491 1925 inihi
2511 1887 2678 1925 exsu-

528 1961 706 2032 laret,
732 1971 800 2016 ut
830 1960 958 2018 MS.
989 1956 1210 2028 Divaei,
1233 1958 1359 2028 vel,
1390 1968 1457 2014 ut
1489 1957 1698 2016 Suidas
1716 2001 1733 2031 ,
1769 1977 1955 2034 quum
1981 1958 2046 2015 in
2069 1959 2260 2016 vicina
2289 1970 2436 2018 esset
2457 1963 2676 2018 Penta-

528 2053 653 2129 poli
673 2073 775 2111 seu
800 2053 1147 2130 Cyrenaiea3
1174 2051 1295 2108 vid.
1329 2050 1477 2108 Plin.
1507 2054 1581 2121 V,
1612 2050 1667 2108 5.
1698 2053 1834 2109 Haec
1864 2051 2128 2109 lustratio
2155 2051 2396 2130 AEgypti
2419 2071 2676 2110 caussam

527 2146 615 2202 illi
638 2145 887 2221 praebuit
906 2143 1223 2201 scribendae
1246 2142 1435 2199 satirae
1457 2142 1532 2200 de
1553 2143 1794 2200 inmani
1813 2144 2222 2220 superstitione
2241 2145 2672 2222 AEgyptiomm.

526 2235 653 2294 Nisi
670 2237 785 2293 hoc
808 2235 1036 2307 fuisset,
1060 2253 1165 2292 cur
1186 2252 1311 2290 non
1334 2233 1556 2308 pariter
1577 2234 1804 2310 aliquid
1821 2235 1896 2292 de
1920 2234 2190 2313 Hispanis
2212 2247 2314 2294 aut
2331 2235 2673 2294 Germanis?

530 2328 681 2384 Hinc
700 2338 893 2384 tamen
907 2346 1031 2384 non
1047 2346 1158 2402 pro
1178 2334 1337 2383 certo
1352 2323 1644 2383 affirmare
1658 2325 1862 2400 ausim,
1882 2315 2032 2383 hane
2045 2327 2294 2386 Satiram
2310 2347 2434 2386 non
2451 2331 2672 2398 Romae,

529 2421 631 2477 sed
654 2419 718 2477 in
739 2423 993 2499 AEgypto
1016 2431 1077 2478 et
1101 2431 1364 2496 tempore
1390 2417 1606 2490 exsilii,
1637 2419 1910 2496 scriptam
1927 2419 2116 2476 tuisse.
2135 2421 2291 2478 Illud
2314 2421 2673 2496 probabilius

527 2512 783 2585 videtur,
817 2523 877 2570 et
906 2531 1140 2570 versum
1168 2511 1242 2581 45
1276 2511 1353 2568 ad
1381 2530 1566 2568 annos
1589 2531 1828 2588 quoque
1849 2513 2204 2588 juventutis,
2248 2513 2460 2588 quibus
2499 2525 2670 2590 poeta

530 2605 849 2681 AEgyptum
888 2606 1134 2662 lustrare
1169 2601 1396 2680 potuit,
1437 2605 1658 2662 referre
1685 2607 1838 2664 licet.
1881 2605 2052 2664 Conf.
2078 2605 2214 2662 Vita
2241 2607 2535 2664 Juvenalis
2564 2625 2672 2682 per

529 2713 711 2755 annos
739 2719 772 2755 a
788 2718 881 2757 me
908 2697 1126 2776 digesta
1155 2695 1233 2755 ad
1254 2715 1389 2754 ann.
1414 2699 1564 2756 Urb.
1589 2699 1998 2758 cccxxxm
2025 2709 2087 2756 et
2114 2699 2590 2758 DCCCLXXIV.
