3050 4884
445 354 609 423 ,206
1086 353 1171 417 D.
1216 350 1475 417 JUNII
1518 347 2052 416 JUVENALIS

472 470 667 559 Quos
686 484 929 539 natura
950 466 1135 537 dedit
1163 494 1179 535 :
1206 465 1322 536 sed
1349 481 1592 535 trunca
1615 486 1844 559 puppe
1876 453 2214 561 magister'

473 582 809 652 Interiora
844 580 1013 675 petit
1048 579 1317 649 Baianae
1350 579 1585 673 pervia
1617 576 1906 672 cymbae,
2563 592 2634 645 80

472 694 633 763 Tuti
664 708 896 787 stagna
924 693 1109 761 sinus
1138 716 1157 759 ε
1194 689 1495 785 gaudent
1524 690 1620 757 ibi
1653 687 1902 757 vertice
1937 712 2086 757 raso
2187 710 2192 715 ·

475 802 769 872 Garrula
800 802 1019 872 securi
1054 825 1333 871 narrare
1366 798 1666 896 pericula
1699 811 1946 869 nautae.

571 916 673 982 Ite
701 914 929 1008 igitur,
969 913 1197 1007 pueri,
1236 911 1483 1007 linguis
1516 910 1891 1005 animisque
1916 909 2250 997 favente53

474 1024 797 1117 Sertaque
836 1022 1130 1091 delubris
1158 1037 1226 1091 et
1254 1020 1434 1091 farra
1464 1021 1796 1116 imponite
1821 1018 2054 1089 cultris
2073 1072 2092 1106 ,

475 1134 578 1203 Ac
610 1132 841 1202 molles
875 1148 1112 1203 ornate
1148 1131 1333 1202 focos
1372 1130 1768 1228 glebamque
1804 1131 2134 1199 virentem
2165 1152 2184 1195 t
2565 1122 2652 1191 85'

476 1244 627 1337 Ja1n
654 1268 923 1339 sequar,
954 1258 1026 1313 et
1056 1266 1281 1330 sacre,
1310 1240 1495 1337 quod
1522 1256 1795 1337 praestat
1813 1294 1832 1328 ‚
1869 1242 1994 1310 rite
2029 1250 2338 1334 peracte,

474 1352 647 1421 Inde
676 1354 954 1423 domum
980 1368 1312 1448 repetam,
1352 1352 1630 1449 graciles
1661 1353 1777 1422 ubi
1818 1376 2026 1446 parva
2059 1368 2341 1419 coronas

474 1464 845 1557 Accipiunt
870 1464 1090 1560 fragili
1122 1464 1483 1534 simulacra
1520 1464 1805 1533 nitentia
1841 1488 2014 1531 cera.

476 1574 607 1643 Hic
644 1589 951 1643 nostrum
989 1573 1269 1667 placabo
1295 1577 1334 1642 J
1338 1600 1568 1662 ovem,
1606 1575 2026 1667 Laribusque
2060 1570 2353 1665 paternis

472 1684 709 1753 Thura
743 1683 952 1779 daim,
988 1700 1192 1779 atque
1223 1675 1455 1754 omnes
1487 1683 1686 1753 violae
1707 1684 1980 1778 jactabo
2013 1680 2291 1752 colores·
2563 1708 2635 1761 90

474 1796 742 1891 Cuncta
778 1796 1031 1881 nitent3
1067 1792 1305 1890 longos
1334 1796 1544 1863 erexit
1566 1795 1776 1887 janua
1807 1818 2061 1880 ramos,

468 1907 565 1974 'Et
595 1906 942 1975 matutinis
973 1920 1292 1998 operatur
1324 1904 1491 1973 festa
1527 1904 1840 1972 lucernis.

574 2017 727 2085 Nee
760 2030 1071 2109 suspecta
1107 2015 1229 2084 tibi
1265 2016 1399 2083 sint
1428 2014 1608 2099 haec,
1641 2016 1936 2083 Corvine
1963 2040 1979 2081 ε
2018 2012 2351 2101 CatulluS‚

478 2128 611 2194 Pro
640 2124 831 2217 cujus
860 2125 1075 2195 reditu
1104 2140 1209 2193 tot
1235 2148 1419 2219 pono
1449 2123 1713 2210 altaria,
1745 2148 1990 2217 parvos

476 2237 644 2303 Tres
669 2233 875 2303 habet
898 2234 1169 2303 heredes
1198 2260 1213 2303 ε
1243 2233 1401 2303 libet
1426 2248 1836 2328 exspectare,
1865 2235 2022 2327 quis
2045 2256 2292 2325 aegram
2563 2250 2630 2318 95

475 2444 734 2509 partem,
773 2434 879 2489 ubi
916 2452 1075 2491 mane
1108 2432 1462 2491 inoffensum
1499 2439 1614 2503 est,
1653 2448 1720 2491 ac
1753 2440 1960 2509 stagno
1995 2431 2180 2489 simile
2199 2474 2216 2502 ,
2256 2437 2315 2487 et
2355 2430 2460 2488 ubi
2493 2440 2635 2487 tutae

476 2538 614 2591 eunt
640 2526 813 2583 etiam
842 2526 1120 2583 naviculae
1134 2566 1152 2597 ,
1176 2527 1375 2601 quales
1404 2524 1467 2581 in
1498 2526 1630 2581 lacn
1653 2523 1909 2583 Lucrino
1931 2522 2204 2580 visuntur
2235 2542 2422 2599 prope
2449 2524 2632 2580 Baias.

477 2617 741 2692 Expositi
762 2628 950 2675 nautae
966 2626 1141 2693 eaput
1166 2616 1476 2675 detonsum
1494 2626 1822 2689 ostentant3
1839 2627 1902 2673 et
1923 2633 2054 2692 quae
2079 2614 2356 2692 fugerunt
2379 2614 2634 2691 pericula

476 2721 782 2769 renarrant
802 2710 939 2767 laeti.

561 2803 658 2861 83.
700 2802 873 2879 Agite
890 2822 1063 2880 ergo,
1096 2802 1326 2872 famuli,
1352 2813 1413 2859 et
1432 2802 1604 2860 facite
1634 2814 1702 2861 nt
1722 2802 1956 2861 silentio
1972 2800 2322 2878 attentisque
2341 2800 2634 2859 mentibus

475 2894 760 2953 sacrificio
800 2894 1111 2965 intersitis;
1154 2896 1434 2970 templum
1474 2892 1722 2953 floribus
1765 2906 1994 2968 ornate3
2036 2896 2254 2952 cultros
2295 2894 2452 2951 mola
2493 2894 2638 2951 salsa

476 2988 876 3063 compergite3
903 3006 1065 3045 aram
1102 3006 1137 3044 e
1171 2988 1386 3063 cespite
1414 2988 1770 3059 construite3
1809 2989 2004 3066 ignem
2031 2983 2330 3044 adornate.
2367 2988 2497 3042 Jam
2527 3002 2635 3041 vos

474 3100 805 3157 consequar
824 3120 847 3150 ‚
894 3092 955 3137 et
1006 3080 1161 3137 facto
1206 3082 1465 3157 legitime
1508 3080 1823 3154 sacrificio,
1867 3100 1999 3157 quae
2035 3098 2169 3156 pars
2215 3090 2303 3137 est
2345 3078 2638 3154 praecipua

478 3172 663 3234 officii
706 3184 769 3231 et
807 3173 1034 3249 pietatis
1058 3212 1075 3243 ,
1122 3173 1367 3233 referam
1410 3191 1505 3231 me
1549 3174 1791 3232 domum
1811 3216 1828 3245 ‚
1877 3174 1982 3231 ubi
2025 3192 2270 3233 coronas
2315 3192 2348 3231 e
2389 3172 2635 3229 floribus

478 3268 725 3342 impono
768 3266 1015 3323 deorum
1060 3265 1511 3323 domesticorum
1561 3266 1764 3325 scamis
1805 3266 2106 3344 fragilibus
2157 3280 2217 3324 et
2261 3286 2392 3324 cera
2441 3268 2637 3323 niten-

485 3360 655 3419 tibus.
703 3358 815 3421 Hic
846 3378 1043 3416 meum
1082 3360 1286 3415 Jovem
1300 3400 1319 3429 ,
1352 3370 1412 3415 et
1448 3360 1592 3417 alios
1623 3380 1774 3435 quos
1813 3361 1974 3418 domi
2013 3362 2144 3418 colo
2159 3402 2176 3430 ‚
2209 3380 2356 3437 quos
2389 3360 2638 3434 majores

482 3452 601 3511 mei
642 3453 907 3524 coluere,
948 3470 1190 3527 superos
1209 3491 1227 3522 ,
1264 3452 1463 3509 oblato
1504 3452 1678 3510 thure
1723 3454 2046 3510 conciliabo
2069 3494 2086 3523 ,
2131 3464 2190 3509 et
2228 3452 2410 3509 violas
2445 3453 2636 3509 omnis

480 3546 699 3603 coloris
746 3546 963 3603 affatim
1010 3562 1293 3622 spargam.
1342 3544 1581 3603 Factum
1625 3546 1812 3616 bene3
1855 3547 2052 3603 omnia
2097 3544 2282 3602 nitida
2327 3556 2387 3602 et
2431 3554 2635 3600 ornata

484 3650 646 3709 sunu
680 3640 1091 3697 frondentibm
1116 3640 1393 3696 arborum
1426 3639 1602 3695 ramis
1629 3650 1824 3714 postes
1849 3638 2040 3713 januar.
2065 3638 2419 3708 vestiuntur-3
2457 3647 2514 3693 et
2541 3638 2635 3691 lu·-

482 3750 673 3789 cernoe
705 3730 1035 3806 frequentes
1052 3774 1070 3805 ,
1108 3730 1330 3789 ibidem
1359 3748 1588 3789 summo
1624 3750 1794 3789 mane
1817 3732 2063 3789 accense
2083 3772 2104 3800 ,
2158 3730 2276 3787 diei
2300 3729 2456 3786 festae
2487 3727 2635 3783 laeti-

491 3824 633 3881 tiam
656 3826 955 3882 redolent:
1367 3834 1379 3845 ⁴

568 3919 666 3993 93.
708 3918 913 3993 Neque
940 3936 1084 3975 vero
1110 3920 1397 3981 sinistram
1424 3918 1499 3975 de
1526 3938 1620 3977 me
1645 3919 2027 3995 suspicionem
2050 3918 2300 3993 aliquam
2323 3902 2458 3985 tibi,
2481 3914 2634 3970 Cor-

486 4009 651 4083 vine,
680 4023 953 4069 moveant
978 4012 1171 4069 isthaec
1200 4012 1387 4069 officia
1414 4012 1660 4088 pietatis.
1691 4012 1952 4086 Catullo,
1985 4030 2096 4088 pro
2127 4012 2289 4086 eujus
2321 4008 2517 4066 reditu
2545 4018 2636 4064 tot

484 4122 611 4163 aras
636 4116 873 4166 exstruo
891 4146 909 4179 ‚
935 4098 1071 4163 sunt
1086 4104 1191 4164 filii
1210 4118 1327 4167 tres
1346 4106 1538 4185 domi,
1565 4118 1626 4165 et
1645 4106 1904 4167 heredes.
1931 4105 2127 4183 Cedo,
2154 4122 2327 4185 quem
2345 4100 2631 4180 reperias,
