3050 4884
508 388 592 455 60
1118 394 1200 459 D.
1245 392 1506 459 JUN11
1552 390 2091 459 IUVENALIS

505 506 770 575 Ilaesuri
805 507 972 576 saxis
1007 510 1314 579 cinerum
1345 508 1775 592 custodibus,
1808 508 1893 577 ad
1922 534 2069 602 quae

503 616 946 686 Discutienda
969 618 1198 687 valent
1223 618 1466 688 sterilis
1493 617 1669 687 mala
1697 620 1943 687 robora
1968 617 2168 686 ficus·
2151 671 2172 702 ‚
2554 628 2653 693 145

505 726 1078 821 Quandoquidem
1101 729 1256 799 data
1280 744 1442 801 sunt
1467 730 1627 823 ipsis
1654 752 1929 823 quoque
1962 726 2101 795 fata
2126 693 2466 821 sepulcris

600 837 924 932 Expende
949 837 1448 908 Hannibalem.
1497 854 1667 933 quot
1693 836 1947 907 libras
1932 862 2001 905 m
2040 837 2209 906 duce
2240 860 2506 906 summo

506 947 852 1017 Invenies?
878 951 989 1020 hic
1021 966 1152 1038 est,
1183 976 1382 1045 quem
1417 976 1559 1019 non
1594 951 1775 1043 capit
1803 948 2035 1018 Africa
2063 950 2311 1017 Mauro

505 1057 828 1127 Percussa
849 1061 1155 1146 Ocean0‚
1183 1061 1478 1155 Niloque
1505 1059 1778 1129 admota
1804 1060 2099 1153 tepenti,

503 1166 763 1236 Rursus
787 1168 872 1236 ad
905 1171 1306 1264 AEthiopum
1336 1170 1625 1264 populos
1654 1169 1957 1263 altosque
1988 1166 2426 1260 elephantos.¹

501 1274 793 1345 Additur
825 1278 1124 1372 imperiis
1153 1280 1481 1373 Hispania
1511 1305 1527 1346 :
1562 1282 1963 1372 Pyrenaeum
2554 1286 2657 1339 ¹50

501 1384 824 1455 Transilit
851 1413 867 1455 ε
899 1389 1222 1482 opposuit
1249 1404 1491 1457 natura
1514 1386 1895 1482 Alpemque
1922 1386 2325 1477 nivemque3

501 1492 783 1563 Diducit
808 1497 1160 1591 scopulos,
1183 1512 1250 1566 et
1275 1512 1575 1566 montem
1610 1496 1871 1590 rumpit
1898 1508 2113 1563 aceto.

501 1604 540 1667 J
543 1594 650 1670 am
681 1619 871 1675 tenet
900 1605 1198 1693 Italiam;
1229 1621 1456 1675 tamen
1484 1606 1667 1676 ultra
1692 1630 1983 1701 pergere
2010 1602 2246 1673 tendit.

500 1716 782 1800 Actum,
809 1718 1058 1811 inquit,
1094 1716 1263 1785 nihil
1292 1732 1426 1804 est,
1457 1718 1590 1786 nisi
1628 1721 1841 1786 Poeno
1870 1714 2082 1783 milite
2109 1728 2347 1807 portas
2552 1727 2654 1780 1⁵5

503 1825 898 1917 Frangimus
913 1878 932 1911 ‚
962 1841 1030 1896 et
1057 1826 1280 1895 media
1303 1824 1631 1895 vexillum
1647 1850 1834 1919 pono
1848 1823 2122 1893 'Subura
2136 1872 2163 1887 ..

505 1932 568 1998 Ο
601 1932 814 2026 qualis
841 1934 1044 2004 facies
1061 1987 1080 2020 ,
1113 1952 1182 2005 et
1207 1934 1390 2029 quali
1419 1934 1627 2027 digna
1656 1930 1931 2018 tabella,

500 2039 733 2128 Quum
763 2042 1030 2111 Gaetula
1055 2042 1298 2111 ducem
1334 2058 1637 2138 portaret
1667 2042 1869 2113 belua
1894 2035 2193 2109 luscum!

502 2152 740 2219 Exitus
768 2177 930 2246 ergo
959 2152 1108 2246 quis
1136 2152 1282 2221 est?
1307 2178 1350 2221 o
1377 2149 1623 2246 gloria!
1658 2152 1957 2221 vincitur
1986 2149 2165 2219 idem

505 2263 814 2356 Nempe,
847 2277 917 2331 et
943 2263 1015 2331 in
1043 2262 1346 2331 exsilium
1375 2287 1676 2357 praeceps
1704 2261 1911 2355 fugit3
1940 2275 2140 2353 atque
2172 2258 2263 2325 ibi
2298 2281 2585 2351 magnus

509 2370 996 2465 Mirandusque
1031 2370 1240 2441 cliens
1269 2371 1461 2440 sedet
1488 2370 1573 2439 ad
1601 2368 1916 2465 praetoria
1942 2370 2149 2462 regiS‚
2554 2386 2659 2437 ιδο

503 2570 712 2627 nempe
748 2565 817 2611 ut
850 2556 1244 2613 celebraretur
1277 2557 1543 2632 ipsorum
1578 2573 1795 2612 nomen
1814 2596 1832 2625 ,
1862 2565 1931 2610 ut
1966 2552 2164 2611 titulos
2194 2552 2661 2627 adipiscerentur

503 2645 819 2719 sepulchris
857 2648 974 2705 suis
1003 2647 1436 2717 inscribendos,
1479 2647 1545 2702 in
1580 2646 1793 2721 quibus
1825 2646 2047 2703 cineres
2078 2644 2244 2701 urnis
2274 2642 2497 2700 conditi
2524 2659 2655 2697 ser-

504 2748 747 2809 vantur-3
781 2750 840 2797 et
865 2740 1081 2815 quihus
1109 2739 1464 2813 disjiciend'is
1497 2740 1713 2795 malum
1756 2738 1941 2793 robur
1968 2736 2181 2793 sterilis
2220 2734 2362 2793 ficus
2400 2731 2613 2791 sufficit
2641 2754 2657 2788 τ

504 2846 639 2883 nam
673 2830 738 2885 in
770 2832 894 2905 ipsa
918 2850 1154 2907 quoque
1175 2831 1482 2906 sepulchra
1509 2850 1670 2887 mors
1701 2841 1760 2886 et
1786 2829 1901 2885 fata
1917 2828 2015 2902 jus
2041 2830 2276 2885 habeut.

579 2930 708 2994 147.
752 2927 898 2999 Age,
925 2924 1148 2981 cineres
1179 2922 1520 2981 Hannibalis
1542 2921 1805 2997 pondera
1828 2941 1841 2977 :
1868 2931 2015 2994 quot
2034 2919 2213 2977 libras
2232 2920 2491 2994 reliquiae
2514 2916 2662 2975 tanti

504 3013 666 3069 ducis
687 3016 987 3089 pendunt?
1010 3016 1120 3071 Hic
1143 3016 1244 3071 ille
1261 3027 1375 3085 est,
1405 3014 1498 3071 cui
1521 3014 1765 3069 nimium
1783 3022 2023 3087 angusta
2048 3011 2159 3067 fuit
2180 3021 2299 3069 tota
2315 3051 2332 3079 ‚
2352 3029 2521 3085 quam
2544 3010 2661 3063 late

503 3117 664 3180 patet
685 3106 882 3163 Africa
900 3148 916 3175 ‚
945 3107 1020 3162 ab
1055 3107 1418 3165 Mauritaniae
1449 3106 1761 3162 littoribus
1780 3104 1857 3159 ad
1887 3102 2089 3160 Nilum
2118 3122 2301 3179 usque
2336 3112 2659 3177 tepentem,

504 3207 564 3252 et
585 3197 722 3252 hinc
739 3197 817 3253 ad
841 3195 1151 3271 AEthiopiae
1173 3207 1444 3271 porrecta
1469 3196 1747 3271 populos,
1768 3194 2111 3269 Indiamque
2133 3196 2237 3251 ubi
2260 3204 2395 3251 sunt
2422 3191 2663 3249 maximi

505 3289 816 3363 elephanti.
853 3292 1166 3345 Poenorum
1201 3288 1450 3364 imperio
1493 3289 1661 3347 addit
1697 3288 2033 3363 Hispaniam
2058 3309 2071 3345 τ
2094 3291 2401 3365 Pyrenaeos
2432 3295 2663 3343 montes

503 3392 769 3456 superat:
797 3382 1002 3455 objicit
1029 3381 1119 3437 illi
1144 3392 1349 3438 natura
1370 3383 1548 3457 Alpes
1574 3381 1809 3439 nivibus
1832 3394 2137 3457 coopertas
2160 3395 2221 3441 et
2238 3381 2421 3439 invias
2446 3403 2459 3437 ε
2484 3396 2661 3453 rupes

499 3484 664 3531 aceto
679 3474 917 3545 dividit,
937 3474 1352 3549 montibusque
1372 3473 1652 3549 disruptis
1671 3474 1897 3531 Italiam
1916 3486 2179 3550 occupat.
2195 3478 2339 3533 ‘Non
2356 3474 2451 3530 hic
2470 3484 2663 3528 tamen

499 3566 647 3623 sistit
669 3589 687 3623 ι
703 3569 946 3637 Parum,
969 3568 1190 3643 inquit,
1213 3568 1617 3642 promovimus
1633 3609 1649 3637 ,
1674 3566 1821 3623 nihil
1846 3568 2069 3644 egimus
2088 3608 2105 3638 ,
2128 3567 2241 3625 nisi
2276 3569 2476 3625 Romae
2496 3565 2661 3621 fran-

498 3659 688 3735 gimus
709 3671 938 3733 portas,
972 3670 1032 3716 et
1055 3660 1270 3717 Punica
1296 3658 1506 3716 vexilla
1530 3658 1593 3715 in
1616 3659 1811 3716 medio
1831 3660 1995 3716 urbis
2020 3661 2155 3717 foro
2182 3660 2435 3716 victores
2456 3656 2663 3733 defigi-

499 3769 645 3807 mus.
682 3752 736 3806 0
775 3750 979 3808 faciem
1009 3751 1416 3825 spectandam!
1459 3770 1496 3807 o
1538 3751 1783 3828 dignum
1828 3751 1929 3827 qui
1970 3752 2315 3828 pingeretur
2352 3750 2661 3807 Annibalis

499 3840 756 3912 coclitis,
783 3842 1012 3897 Gaetulo
1041 3842 1348 3917 elephanto
1375 3843 1709 3916 insidentis,
1738 3844 2001 3901 vultum?
2028 3845 2163 3912 Quo
2186 3843 2423 3901 demum
2450 3841 2657 3898 evadet

499 3933 592 3990 vir
625 3933 855 3991 tantus?
887 3952 1007 4008 quo
1039 3934 1302 3993 recident
1325 3946 1417 3992 tot.
1449 3936 1718 4007 consilia,
1759 3947 1848 3992 tot
1880 3933 2101 4010 praelia,
2144 3946 2235 3990 tot
2260 3933 2555 3991 victoriae?
2595 3934 2652 3989 Ο

498 4026 762 4083 humanae
797 4025 999 4103 gloriae
1039 4025 1381 4085 vanitatem!
1417 4029 1581 4085 Idem
1616 4029 1714 4085 ille
1758 4028 1861 4103 qui
1887 4030 2091 4083 Romae
2118 4027 2239 4100 jam
2274 4026 2615 4083 imminebat
2634 4067 2655 4095 ‚

501 4118 778 4194 vincitur,
806 4118 986 4197 fugit,
1020 4119 1258 4195 pellitur
1287 4119 1349 4176 in
1375 4120 1669 4190 exsilium3
1694 4130 1753 4177 et
1784 4120 1858 4175 ad
1887 4117 2071 4194 regias
2098 4118 2252 4175 fores
2279 4116 2656 4194 magnusmi-
